2652 3317
1155 170 1603 236 wilm>

366 320 639 393 vnpot'quwev
684 327 796 383 prius
840 327 882 370 in
926 325 1125 383 temporis
1169 339 1290 384 quam
1328 327 1372 370 in
1410 327 1640 384 ¹improvise
1685 326 1852 370 deferre
1902 329 2224 384 cogitationem,
2275 340 2382 385 qnae

370 414 502 457 minus
536 413 704 457 videtur
737 414 999 457 convenire⁶¹

567 509 758 569 Denique
793 511 828 555 si
862 516 944 555 aut‘
964 515 1210 556 structuram
1239 509 1465 555 ‘verborum
1499 516 1568 555 aut
1595 522 1768 556 sensum
1802 524 1879 570 per
1911 525 1960 557 se
1993 518 2224 570 spectamus

1274 598 1396 646 ἄλλα
1429 600 1470 645 δ’
1485 593 1653 646 4’ἄθλια

740 689 817 728 καὶ
849 684 977 729 δεινὰ
1008 688 1086 729 καὶ
1118 681 1324 742 δύστηνα
1354 682 1637 744 προῦφηνεν,
1669 687 1831 743 λέγων,

741 769 804 820 ὡς
835 772 975 827 μητρὶ
1006 772 1091 824 μὲν
1122 772 1259 827 χρείη
1291 785 1347 825 με
1375 764 1619 827 μιχθῆναι
1649 774 1780 826 γένος
1813 770 1853 812 δ’

370 859 463 910 post
495 851 764 911 προῦφηνεν
807 855 961 897 misere
993 853 1122 909 fn’get
1166 860 1208 897 et
1240 853 1443 898 claudicat
1474 856 1648 913 λέγων,
1690 856 1924 911 importune
1969 868 2065 898 sese
2110 854 2292 899 inferens
2338 862 2378 898 et

369 938 589 999 salebroso
621 938 850 998 impediens
884 950 1049 985 cursum
1083 939 1303 995 orationis,
1336 934 1564 987 insolenter
1597 946 1637 985 at
1671 942 1920 999 impotenter
1952 940 2029 986 sibi
2063 943 2141 999 ipsi
2175 954 2376 999 arrogans

369 1029 566 1072 orationis
600 1030 804 1084 regimen.-

563 1125 769 1180 Accedit‚
822 1137 1067 1183 quamquam
1117 1125 1211 1169 hui'c
1260 1127 1320 1169 rei
1368 1139 1453 1169 non
1502 1126 1667 1169 nimium
1716 1122 1824 1170 volo
1852 1126 1998 1180 tribui,
2050 1126 2160 1183 quod
2206 1133 2373 1169 servato

367 1213 506 1270 quinta
541 1212 643 1256 sede
671 1211 813 1268 jambo
846 1211 993 1255 melius
1029 1211 1259 1256 convenire
1291 1217 1331 1255 et
1361 1214 1469 1255 inter
1500 1226 1549 1257 se
1584 1218 1625 1255 et
1658 1213 1720 1255 rei
1753 1214 1912 1255 numeri
1944 1211 2150 1256 videntur.
2218 1212 2374 1256 Inducit

366 1299 496 1341 dirum
531 1298 738 1356 Apollinis
774 1299 939 1341 effatum
971 1300 1165 1342 trimetris
1201 1300 1336 1356 quinta
1369 1299 1474 1343 sede
1503 1299 1687 1354 jambum
1720 1299 1989 1342 retinentibus

733 1383 897 1439 ἄτιμον
935 1385 1207 1439 ἐξέπεμψεν,
1240 1382 1360 1428 ἄλλα
1392 1384 1435 1427 δ’
1467 1384 1620 1427 ἄθλια

732 1471 809 1511 καὶ
841 1467 967 1512 δεινὰ
993 1471 1072 1512 καὶ
1104 1466 1305 1525 δύστηνα
1333 1468 1586 1528 προύφάνη
1619 1469 1779 1525 λέγων,

363 1560 447 1598 tum
468 1554 728 1612 tripartitam
750 1553 874 1611 quasi
901 1554 1023 1596 unius
1050 1554 1116 1596 rei
1138 1553 1405 1597 atrocitatem
1444 1579 1496 1584 —
1535 1554 1673 1598 matris
1708 1567 1756 1599 se
1790 1552 1883 1597 fore
1917 1555 2117 1608 maritum,
2151 1552 2371 1596 liberorum

363 1653 532 1686 suorum
567 1640 751 1697 fratrem,
785 1642 911 1700 patris
942 1638 1120 1699 denique
1148 1639 1455 1684 interfectorem
1477 1666 1530 1671 —
1552 1640 1670 1684 effert
1698 1639 1828 1685 tribus
1856 1642 2046 1685 trimetris
2076 1642 2374 1684 convenienter

363 1730 423 1772 rei
457 1717 647 1784 gravitati
681 1726 911 1787 spondeum
945 1707 1083 1786 quinta
1117 1726 1219 1771 sede
1252 1727 1539 1787 recipientibus
1567 1716 1570 1720 ’

732 1811 794 1865 ὡς
824 1816 967 1872 μητρὶ
999 1812 1095 1869 μὲν
1114 1818 1253 1873 χρείη
1285 1828 1342 1870 με
1371 1812 1614 1872 μιχθήυαι
1647 1817 1775 1871 γένος
1806 1812 1845 1857 δ’

729 1894 929 1953 ἄτλητον
963 1896 1264 1955 ἀνθρώποισι
1296 1880 1566 1953 δηλώσοιμ”
1582 1897 1714 1956 ὁρᾶν,

731 1981 902 2038 φονεὺς
933 1979 973 2023 δ’
1007 1972 1195 2036 ἐσοίμην
1226 1972 1306 2023 τόν
1336 1978 1649 2038 φυτεύσαντος
1680 1985 1874 2039 πατρός,

357 2079 476 2121 quam
511 2066 824 2108 concinnitatem
856 2065 964 2107 male
1002 2064 1186 2107 turbaret
1218 2065 1290 2107 ille
1322 2066 1362 2107 in
1396 2059 1667 2125 προῧφηνεν
1701 2065 1923 2124 spondeus.

555 2162 607 2205 Ut
650 2163 837 2205 inutilem
882 2166 924 2205 et
964 2164 1151 2218 forsitan
1195 2140 1251 2204 ab
1295 2152 1527 2219 interprete
1572 2157 1718 2219 aliquo
1765 2160 1954 2205 additum
1997 2168 2110 2205 notat
2153 2162 2259 2204 idem
2304 2164 2367 2203 vir

357 2242 615 2292 doctissimus
651 2251 691 2292 in
725 2248 866 2293 caedis
902 2248 1178 2308 descriptione
1209 2250 1302 2307 ipsa
1333 2262 1374 2292 v.
1412 2247 1505 2292 807
1546 2275 1598 2280 —
1637 2248 1712 2292 09.

1258 2337 1337 2379 καί
1365 2334 1414 2391 μ’
1445 2335 1471 2378 ὁ
1503 2336 1706 2394 πρέσβυς
1739 2334 1800 2387 ὡς
1834 2335 1922 2395 ὁρᾴ

725 2417 842 2476 ὄχου
874 2414 1254 2479 παραστείχοντα
1282 2422 1486 2478 τηρήσας
1516 2423 1661 2476 μέσον

724 2509 845 2562 κάρα
879 2503 1067 2556 διπλοῖς
1097 2506 1327 2563 κέντροισί
1357 2518 1451 2558 μου
1484 2503 1707 2547 καθίκετο

354 2601 523 2631 versum
568 2587 768 2632 medium:
827 2589 938 2647 quod
982 2588 1080 2632 mihi
1123 2595 1266 2633 contra
1308 2587 1486 2632 videtur.
1554 2588 1810 2633 Narraverat
1854 2588 2035 2646 Oedipus
2080 2586 2156 2630 sibi
2191 2586 2362 2645 Delphis

354 2675 533 2719 venienti
585 2677 624 2719 in
675 2677 796 2719 trivio
850 2677 1085 2721 occurrisse
1135 2678 1175 2720 in
1226 2690 1345 2720 curru
1396 2682 1552 2722 stantes
1598 2676 1914 2721 caduceatorem
1958 2681 1998 2717 et
2036 2687 2207 2727 senem7
2259 2673 2365 2717 hunc

1792 2759 1845 2791 24(-
