2652 3317
1096 149 1508 214 QG&

289 306 433 353 fabula
466 304 747 366 Sophoclem,
782 319 907 365 quum
940 304 1067 350 muita
1098 309 1184 348 tum
1216 303 1286 349 ille
1322 303 1575 349 demonstrat
1607 302 1751 358 locus,
1798 314 1881 361 quo
1916 317 1966 349 se
2000 302 2184 363 Oedipus
2218 318 2310 351 cnm

291 393 446 440 acerba
481 392 675 439 Tiresiae
707 394 899 439 irrisione
931 393 1113 438 nominat

663 478 688 525 ὅ
725 480 870 539 μηδὲν
901 478 1034 532 εἰδὼς
1072 477 1316 533 Οἰδίπους,

292 574 334 613 ut
369 574 434 613 est
466 581 622 612 revera
654 580 793 611 rerum
827 567 1005 610 omnium
1039 565 1410 621 ignorantissimus.

488 654 577 716 ΤοιΙ
604 660 645 698 et
677 658 788 699 tanta
822 666 947 712 quum
983 651 1077 695 huic
1110 653 1255 696 versui
1287 652 1619 712 patrocinentur,
1644 650 1742 697 illa·
1779 650 1832 696 de
1865 651 2096 714 Sophoclis,-
2123 669 2308 701 consue-

291 743 434 788 tudine
469 743 658 801 quaestio
692 742 846 799 poterit
879 741 1022 798 paucis
1057 736 1216 785 confici.
1284 738 1450 789 Etenim
1473 753 1596 798 quum
1619 752 1702 783 non
1728 738 1876 784 deceat
1893 714 2061 799 poetam
2078 756 2310 802 suspensos

292 837 437 875 tenere
470 831 630 875 animos
666 827 719 871 de
753 829 802 871 iis
837 841 945 886 quae
979 840 1158 870 necesse
1193 832 1257 871 est
1290 828 1414 881 sciri,
1465 825 1677 884 quomodo
1721 826 1763 869 id
1810 829 1962 885 optime
1999 827 2178 884 efficiat,
2228 830 2310 880 hoc

291 897 413 963 unice
446 915 751 975 providendum
785 921 939 973 poetae
973 921 1059 958 est:
1110 914 1231 958 aliam
1264 919 1430 971 praeter
1462 912 1594 968 hanc,
1628 913 1740 971 quod
1775 913 1922 959 deceat
1955 921 1996 959 et
2027 929 2206 973 necesse
2239 888 2310 973 sit,

292 1017 415 1051 nemo
460 1002 643 1062 prudens
688 1001 766 1047 sibi
811 1000 964 1046 scribet
1008 1001 1159 1057 legem.
1226 1000 1318 1044 Jam
1363 1002 1399 1046 si
1443 999 1666 1059 Sophoclis
1700 1007 1863 1060 septem
1895 1001 2152 1058 fabularum,
2199 1018 2308 1062 quae

290 1097 469 1137 aetatem
501 1089 706 1144 tulerunt,
751 1087 957 1146 prologos
992 1086 1370 1142 considerabimus,
1416 1088 1672 1145 reperiemus
1705 1087 1830 1132 alium
1862 1088 1984 1133 aliter
2021 1089 2099 1150 sed
2130 1092 2312 1149 egregie,

292 1190 439 1224 omnes
472 1179 534 1224 sic
568 1189 665 1221 esse
698 1177 935 1229 institutos,
997 1180 1040 1218 ut
1088 1176 1130 1218 in
1177 1173 1291 1218 nullo
1341 1180 1631 1233 praeterquam
1678 1171 1727 1235 fin
1778 1174 1941 1233 Oedipo
1987 1173 2202 1224 Coloneov
2240 1181 2308 1237 qui

289 1266 409 1330 primi
458 1263 666 1324 prodeunt
715 1276 835 1308 suum
884 1263 962 1321 ipsi
1012 1275 1162 1307 nomen
1216 1261 1511 1320 profiteantur,
1572 1261 1650 1307 sed
1698 1261 1876 1307 indicent
1924 1277 1974 1309 se
2023 1264 2308 1320 indicenturve

290 1352 343 1397 ab
394 1352 510 1406 aliis;
570 1364 718 1395 verum
776 1352 810 1395 si
867 1349 986 1393 aliter
1035 1349 1117 1393 fert
1165 1348 1334 1393 fabulae
1384 1350 1654 1406 οἰκονομία,
1716 1352 1961 1409 praesertim
1993 1354 2057 1397 .si.
2094 1366 2189 1411 110⁰.
2228 1356 2310 1402 erit

291 1440 403 1485 nuda
435 1440 612 1485 nominis
645 1437 860 1496 professio
895 1438 977 1482 sic:
1028 1436 1094 1480 hic
1128 1449 1213 1494 ego
1245 1449 1358 1481 sum:
1408 1449 1491 1480 non
1534 1436 1717 1494 intelligo
1763 1436 1862 1496 quid
1907 1436 2058 1483 habeat
2100 1441 2307 1487 invenusti

290 1527 363 1573 vel
395 1525 593 1573 indecori.
1068 1581 1072 1587 .
2018 1578 2021 1581 Α

486 1612 609 1657 Alius
643 1611 762 1656 locus
776 1643 789 1666 ,
841 1624 963 1670 quem
1003 1611 1157 1655 misere
1192 1609 1426 1654 decurtavit
1459 1616 1502 1653 et
1534 1610 1733 1655 mutilavit
1769 1613 1835 1656 vir
1873 1614 2193 1671 sagacissimus,
2244 1621 2309 1672 est

268 1701 539 1759 *gravissima
572 1698 642 1743 illa
674 1700 856 1746 narratio
889 1713 915 1742 a
949 1712 990 1741 v.
1029 1697 1115 1741 771
1162 1723 1213 1728 ——
1255 1695 1376 1752 833,
1422 1711 1503 1756 qua
1547 1712 1670 1756 quum
1709 1712 1759 1743 se
1793 1698 1979 1758 Oedipus
2001 1677 2104 1758 ¹ipse
2136 1700 2309 1758 reducat

290 1789 332 1832 in
365 1787 608 1831 atrocissimi
640 1784 838 1829 facinoris
871 1783 1221 1839 recordationem,
1254 1796 1338 1828 non
1365 1782 1517 1828 leviter
1538 1786 1682 1831 ‚transit
1704 1791 1746 1843 et
1765 1787 2006 1845 perstringit
2025 1786 2307 1843 tantummodo

290 1886 621 1933 unamquamque
653 1886 783 1939 remy
803 1871 880 1917 sed
913 1878 959 1917 ut
975 1872 1188 1929 ⁸retinetur
1220 1872 1311 1927 ejus
1347 1871 1505 1927 animus
1538 1870 1985 1933 vehementissimeque
2018 1880 2309 1934 commovetur

290 1969 333 2008 et
367 1963 598 2007 concutitur
630 1940 838 2020 cujusque¹
865 1961 926 2004 rei
961 1958 1147 2014 diritate,
1197 1960 1258 2004 sic
1301 1960 1539 2020 immoratur
1582 1961 1704 2014 etiam
1743 1962 1932 2021 oratione
1975 1967 2100 2021 atque
2145 1976 2308 2007 omnem

292 2052 384 2107 eJus
418 2051 504 2094 vim
538 2054 580 2093 et
611 2044 802 2107 pondera
837 2048 1047 2107 expromit
1082 2053 1122 2090 et
1155 2046 1353 2092 transfert
1385 2048 1425 2091 in
1457 2047 1657 2093 Jocastae
1703 2054 1745 2092 et
1795 2047 1909 2094 chori
1953 2050 2124 2095 animos.
2204 2049 2308 2095 Sunt

292 2137 500 2183 luculenta
535 2135 730 2195 exempla
763 2135 891 2180 haec:
925 2148 967 2179 v.
1005 2132 1098 2178 779
1140 2160 1190 2166 -
1232 2134 1307 2179 80.

664 2221 784 2298 ἀνὴρ
816 2225 910 2281 γὰρ
942 2221 992 2264 ἐν
1024 2219 1290 2274 δείπνοις
1320 2223 1367 2278 μ’
1399 2219 1837 2282 ὑπερπλησθεὶς
1867 2223 2050 2282 μέθης

662 2308 799 2350 καλεῖ
830 2309 959 2366 παρ’
992 2303 1132 2362 οἴνῳ
1164 2307 1373 2358 πλαστὸς
1404 2304 1467 2358 ὡς
1498 2304 1596 2364 εἴην
1622 2311 1768 2367 πατρί

288 2399 331 2438 et
363 2407 405 2437 v.
442 2389 536 2437 789
574 2416 631 2424 —
669 2391 744 2435 90.

665 2475 832 2533 ἄτιμον
860 2478 1134 2534 ἐξέπεμψεν,
1164 2474 1316 2522 ἄλλα
1347 2475 1395 2525 δ’,
1421 2476 1625 2533 ἄθλια,

664 2566 760 2607 καὶ
793 2560 949 2607 δεινὰ
980 2566 1077 2606 καὶ
1112 2560 1363 2618 δύστηνα
1393 2564 1645 2622 προύφάνη
1678 2564 1824 2621 λέγων

290 2654 332 2694 et
363 2661 406 2694 v.
441 2647 535 2694 807
576 2673 630 2680 —-
667 2646 742 2693 09.
