2652 3317
1081 188 1537 253 wls&

299 340 545 394 cohaerent,
579 342 646 385 sie
676 341 851 384 alterum
882 341 1015 384 altero
1050 341 1242 384 firmatur.
1309 341 1519 400 Expunge
1553 352 1745 384 versum:
1780 341 2021 388 cohaerebit
2035 345 2319 405 etiamquae

299 427 558 485 subjungitur
603 427 757 483 dictio;
808 429 885 474 sed
931 428 1211 474 adhaerescet
1260 431 1412 473 arctius
1462 430 1531 472 uni
1579 433 1733 471 tantum
1759 456 1760 461 =
1782 432 2037 487 sententiae.)
2087 440 2217 491 quae-
2242 435 2322 477 erit

298 515 503 559 elicienda
538 530 595 560 ex
628 529 742 560 voce
775 520 1088 574 κατοκνήσειςε
1140 517 1360 575 interpone
1404 521 1448 560 et
1486 514 1657 560 habebis
1690 513 1985 562 firmamentum
2020 525 2063 563 et
2094 505 2257 579 prioris*
2278 527 2320 565 et

298 605 593 661 consequentis
638 605 882 648 sententiae.
961 602 1008 646 ln
1052 603 1194 648 verbis
1238 610 1374 647 autem
1420 603 1531 662 quod
1582 602 1767 647 offendat·
1810 602 1910 647 nibil
1945 609 2173 664 reperies:
2224 622 2318 652 nam

297 705 518 736 recurrens
551 693 657 735 intra
692 690 839 735 decem
871 705 1023 736 versus
1068 691 1214 734 eadem
1259 705 1411 736 versus
1456 691 1558 736 sede
1591 690 1839 748 Αἰγίσθου
1870 704 2022 736 nomen
2065 696 2102 738 si
2134 699 2176 738 te
2210 695 2318 739 male

296 777 473 833 habeat,
526 790 745 835 compares
796 791 981 836 quaesO,
1032 791 1087 821 ne
1132 792 1157 821 e
1202 777 1430 837 longinquo
1477 784 1620 836 petas,
1669 778 1888 834 repetitum
1922 777 2125 838 deinceps
2155 785 2314 839 τεύξει.

297 863 404 908 Illud
439 871 576 909 autem
610 866 775 910 critices
808 878 958 921 genus,
1005 878 1086 923 quo
1121 879 1179 909 ex
1214 866 1481 922 glossematis
1516 878 1614 910 esse
1637 877 1758 908 -nova
1792 864 1986 908 conficta·
2002 873 2157 923 putant,
2208 867 2318 925 quod

296 966 430 1010 nuper
463 951 639 1010 quidam-
659 965 810 1009 magna
843 951 1082 1006 calliditate,
1116 958 1158 996 at
1190 954 1317 996 invita
1350 953 1538 997 Minerva
1573 964 1780 995 exercere
1812 953 1853 994 in
1877 950 2025 995 Tacito
2059 955 2313 1011 inceperunt,

295 1044 411 1083 recte
446 1038 666 1096 explosum
698 1052 723 1082 a
760 1038 1092 1096 prudentioribus
1127 1044 1203 1083 est.

492 1125 585 1170 Jam
617 1124 749 1169 redeo
783 1124 837 1169 ad
873 1125 1075 1184 Oedipum
1107 1140 1265 1182 regem.
1335 1127 1512 1171 Versum
1558 1125 1653 1170 376
1698 1128 1841 1184 quum‘
1866 1134 2011 1171 omnes
2058 1126 2150 1170 libri
2194 1140 2315 1172 manu

256 1271 261 1276 ⁸
297 1214 438 1273 scripti
483 1218 525 1258 et
568 1214 681 1274 typis
725 1215 923 1273 expressi
967 1212 1326 1273 scholiastaeque,
1373 1216 1495 1260 etiam
1528 1213 1854 1270 Laurentianus,
1899 1215 1962 1260 sic
1996 1213 2220 1259 exhibeant

669 1299 726 1346 οὐ
757 1305 851 1360 γάρ
890 1315 948 1357 με
985 1307 1130 1360 μοῖρα
1168 1305 1286 1359 πρός
1325 1316 1377 1358 γε
1414 1302 1502 1345 σοῦ
1537 1307 1720 1356 πεσεῖν,
1763 1300 1857 1344 ἐπεὶ

295 1386 448 1444 primus
482 1384 716 1430 Brunckius
750 1391 904 1429 mutata
936 1398 1108 1444 prorsus
1142 1387 1303 1429 ratione
1337 1388 1396 1431 sic
1430 1387 1592 1444 scripsit

667 1472 725 1516 οὐ
758 1478 851 1531 γάρ
883 1487 936 1516 σε
965 1477 1113 1534 μοῖρα
1139 1476 1259 1531 πρός
1290 1474 1327 1528 γ’
1362 1473 1477 1528 ἐμόυ
1505 1478 1676 1527 πεσεῖν,
1708 1473 1804 1516 ἐπεὶ

298 1554 430 1607 Quam
475 1557 756 1612 conjecturam
800 1569 925 1614 quum
970 1562 1272 1615 consequentes
1318 1556 1502 1602 editores
1546 1570 1677 1616 prope
1719 1569 1863 1602 omnes
1897 1556 2159 1615 receperint,
2192 1568 2313 1599 *unus

296 1642 580 1699 Hermannus‚
631 1644 699 1687 vir
742 1656 950 1699 summus,
1002 1646 1254 1701 argumentis
1294 1643 1502 1689 stabilivit.
1583 1643 1648 1688 Ea
1697 1650 1741 1688 ut
1789 1657 1871 1688 non
1921 1656 2054 1687 conor
2100 1642 2313 1697 refellere7

293 1729 411 1773 volui
454 1736 591 1774 tamen
634 1729 861 1789 periculum
907 1730 1076 1786 facere,
1127 1730 1317 1775 codicum
1360 1731 1526 1775 lectioni
1570 1744 1665 1775 num
1704 1730 1816 1789 quod
1849 1730 2143 1775 firmamentum
2176 1730 2312 1788 parari

294 1823 430 1874 queat.

491 1911 628 1962 Quum
661 1910 834 1954 secundi
868 1911 1125 1962 ἐπειςοδὶου
1157 1917 1252 1968 post
1289 1910 1422 1953 diram
1458 1909 1605 1970 Oedipi
1649 1911 1979 1954 exsecrationem
2024 1909 2090 1954 hic
2121 1911 2175 1955 sit
2206 1908 2310 1963 finis7

294 2004 338 2042 ut
372 1997 583 2055 Oedipm,
635 1998 731 2041 dum
781 1997 1065 2040 venerabilem
1109 1998 1230 2041 Jovis
1275 2004 1415 2041 vatem
1461 1998 1663 2041 Tiresiam
1706 2000 1878 2041 invitum
1918 1999 2034 2054 cogit
2067 1995 2310 2040 detestabile

295 2082 407 2142 quod
440 2084 539 2128 latet
572 2084 733 2129 facinus
768 2091 992 2140 retegere,
1028 2097 1178 2128 omnes·
1207 2087 1328 2128 animi
1362 2086 1425 2128 sui
1458 2098 1651 2129 recessus
1683 2084 1871 2130 recludat
1902 2090 2207 2143 appareatque·7
2243 2085 2310 2139 qui

293 2170 444 2216 fuisset
477 2170 613 2215 adhuc
646 2172 997 2227 generosissimus
1033 2178 1074 2214 et
1107 2171 1461 2216 moderatissimus
1495 2174 1584 2226 vir,
1635 2174 1675 2215 in
1713 2172 1798 2215 hoc
1832 2170 2092 2225 discrimine,
2143 2176 2187 2213 ut
2218 2170 2311 2213 fere

293 2258 432 2304 solent
466 2260 606 2317 optimi
641 2260 817 2317 quique,
853 2260 914 2304 sic
946 2273 1151 2317 praeceps
1184 2261 1225 2303 in
1258 2262 1387 2314 iram,
1433 2262 1494 2304 sic
1526 2259 1656 2304 fidens
1689 2275 1792 2304 suae
1825 2262 1888 2305 sic
1922 2259 2113 2303 diffidens
2149 2258 2309 2302 alienae

294 2351 337 2390 et
369 2346 595 2404 sapientiae
630 2352 672 2390 et
704 2345 916 2404 probitati,
951 2351 994 2389 ut
1017 2347 1317 2391 sanctissimum
1340 2348 1769 2404 sapientissimumque
1792 2346 1914 2391 Jovis
1942 2353 2083 2391 vatem
2109 2346 2310 2389 Tiresiam

294 2438 335 2476 et
378 2434 513 2477 virum
556 2434 868 2488 integerrimum
912 2431 1078 2476 affinem
1122 2448 1240 2477 suum
1274 2431 1501 2477 Creontem
1542 2434 1863 2478 sceleratissime
1901 2436 2167 2493 conspirasse
2200 2433 2308 2474 inter

293 2533 343 2565 se
387 2520 440 2565 ad
485 2520 631 2564 Laiiun
677 2526 802 2577 atque
845 2521 981 2578 ipsum
1024 2519 1281 2578 perdendum
1324 2520 1556 2576 insimulet,
1581 2547 1585 2551 .
1607 2527 1750 2565 contra
1795 2521 1980 2566 Tiresias
2027 2532 2189 2564 omnem
2233 2517 2310 2560 diri

293 2607 467 2653 sceleris
518 2619 772 2667 expromens
831 2613 875 2650 et
924 2607 1147 2652 recludens
1197 2610 1458 2652 atrocitatem
1501 2609 1620 2653 simul
1663 2599 1879 2655 audientes
1925 2608 2090 2653 occulto
2128 2605 2308 2650 ‘horrore

294 2696 496 2755 opplent,
537 2696 659 2742 simul
710 2702 751 2740 et
800 2708 916 2741 suam
962 2702 1004 2740 et
1028 2695 1228 2741 divinam
1276 2698 1535 2754 majestatem
1585 2697 1636 2741 ab
1688 2697 2088 2758 intemperantissimi
2134 2694 2306 2738 bominis
