2652 3317
466 376 498 408 ’,ι
517 358 989 419 ’Νίιιιίιιιιιιικιιὺιφιίφιο-
1007 361 1186 408 maxime
1226 357 1390 419 pollent
1430 360 1595 416 ingenio
1641 357 1879 420 habentque
1905 359 2068 404 minima
2102 361 2145 406 in
2171 366 2331 405 <ore-et

326 448 513 493 oratione
544 447 834 507 impedimenta
851 474 855 484 ·.
872 446 1041 506 quando
1067 445 1242 491 {infixum
1263 449 1413 491 arnm-
1432 456 1746 497 commoventur
1773 451 1849 492 -rei
1888 449 2063 505 alicujus
2080 447 2329 505 gravitate,

324 540 409 579 tum
443 535 584 580 existit
615 533 806 579 mirificus
837 533 908 578 ille
942 534 1191 590 animorum,
1226 547 1435 590 sonorum,
1459 548 1619 580 ,vocum
1653 541 1894 591 concentus,
1916 537 1997 594 -qui
2012 541 2073 582 'ut
2103 531 2329 594 proditae:

326 622 465 665 intimo
511 623 644 664 animo
694 633 941 679 sonumque·
969 620 1102 664 induit
1148 620 1327 679 feritque
1376 635 1543 677 aurem,
1605 624 1664 667 sic
1712 635 1789 681 per
1836 625 2017 667 intimum
2066 624 2329 679 maximeque

324 707 620 767 penetrabilem
668 710 846 752 omnium
894 718 1090 752 sensuum
1137 708 1257 763 ferit,
1308 716 1568 764 commovet,
1619 707 1778 754 delinit-
1803 710 2105 769 demulcetque'·
2131 711 2328 752 altimum:

326 809 447 853 quam
490 808 575 839 non
619 794 758 839 dubito
803 797 887 839 vim
931 797 1128 840 musicam
1171 797 1224 839 in'·
1257 798 1444 840 oratione
1464 806 1467 808 ·
1484 796 1734 856 appellare,>
1771 811 1905 856 quae,
1956 803 2000 841 ut
2044 799 2085 841 in
2123 808 2327 840 marmore

326 882 487 927 accedit
518 884 658 927 nativo
693 882 864 928 candori
898 885 1023 927 mirus
1057 882 1221 943 quidam
1255 882 1416 930 afflatus
1449 883 1626 931 ruboris„
1659 890 1704 929 ut
1734 886 1775 929 in
1797 887 1965 945 picturis
1986 885 2327 929 lineamentorum

326 973 693 1029 circumscriptioni
753 971 1001 1015 incredibilis
1062 971 1247 1014 colorum
1306 978 1503 1017 venustas
1516 985 1538 1026 7*
1596 978 1638 1015 ut
1677 974 1714 1016 in
1770 975 1923 1017 musica
1973 972 2183 1016 harmonia
2233 972 2326 1015 sive

326 1057 549 1100 modulatio
584 1057 637 1100 ad
670 1057 779 1100 illam
812 1059 923 1112 vim,
974 1071 1079 1115 quae
1125 1064 1189 1101 est
1219 1059 1262 1100 in
1294 1072 1415 1101 assae
1448 1059 1566 1102 vocis
1600 1059 1729 1102 tractu
1768 1065 1809 1102 et
1839 1059 1953 1102 flexu
1985 1060 2249 1117 numerisque
2284 1063 2326 1099 et

324 1145 524 1203 rhythmis
575 1144 817 1203 conficitque
863 1150 904 1187 et
948 1151 1202 1188 consummat
1247 1145 1408 1189 demum
1452 1142 1663 1189 'mirificum
1711 1144 1812 1188 illud
1845 1145 1956 1203 quod
1983 1142 2113 1189 'totam
2147 1150 2325 1187 mentem

325 1236 580 1290 animumque
627 1246 853 1289 omnesque
895 1244 1053 1275 nervos
1098 1247 1149 1274 ac
1192 1246 1339 1276 sensus
1376 1234 1491 1276 'nunc
1510 1234 1513 1238 '
1534 1234 1710 1276 horrore
1753 1247 1860 1275 nunc
1903 1246 2059 1276 summa
2104 1232 2323 1274 dulcedine

323 1320 546 1376 perfundit,
581 1322 642 1363 sic
674 1322 715 1362 in
751 1322 938 1362 oratione
973 1326 1015 1361 et
1046 1321 1185 1362 vincta
1220 1326 1261 1362 et
1293 1321 1429 1362 soluta
1462 1327 1628 1377 praeter
1659 1320 1770 1362 illam
1810 1322 1918 1374 vim,
1965 1333 2070 1376 quae
2102 1319 2321 1361 verborum

323 1407 507 1460 notione,
541 1408 737 1460 numeris⁷
771 1412 973 1451 structura
1006 1405 1101 1449 ferit
1134 1400 1311 1449 maxime
1342 1398 1532 1460 mentem,
1567 1407 1659 1465 ipso
1681 1420 1833 1450 vocum
1851 1419 2127 1463 sonorumque
2146 1403 2320 1462 quodam

322 1491 597 1537 modulamine
630 1499 674 1536 ut
707 1494 835 1536 animi
867 1494 1045 1536 maxime
1079 1488 1267 1569 exprimit
1299 1495 1447 1538 sensus
1476 1499 1518 1537 et
1544 1493 1715 1538 affectus
1742 1495 1798 1537 ita
1828 1492 2041 1537 descendit
2050 1494 2321 1554 pertinetque

323 1578 376 1623 ad
410 1580 589 1623 animum
621 1582 811 1624 maxime.
880 1579 997 1633 Quae
1032 1579 1193 1649 quidem
1228 1582 1308 1635 vis,
1348 1595 1470 1639 quam
1502 1583 1634 1639 patrio
1668 1577 1861 1626 sermone
1896 1561 2082 1624 dicimus
2098 1580 2320 1643 Assonanz

323 1673 365 1711 et
408 1667 555 1722 Rem,
606 1682 848 1725 quamquam
891 1682 992 1724 prae
1036 1662 1256 1725 rhythmo
1277 1670 1541 1725 numerisque
1584 1668 1800 1725 praevalet
1850 1674 1891 1711 et
1933 1655 2238 1724 praeponderat
2280 1667 2318 1707 in

322 1768 373 1798 ea
405 1756 584 1798 maxime
617 1757 752 1813 poesi,
786 1769 890 1812 quae
924 1747 1049 1812 quum
1081 1752 1237 1812 genere
1270 1755 1322 1800 sit
1344 1754 1525 1800 diversa
1554 1771 1577 1799 a
1605 1755 1797 1799 Romano
1833 1754 1958 1813 traxit
1984 1768 2152 1807 nomen,
2185 1757 2319 1796 tamen

321 1842 460 1887 existit
493 1849 535 1886 et
567 1848 740 1901 apparet
772 1834 894 1886 etia'm
927 1827 1037 1901 apud
1071 1839 1256 1888 Graecos
1291 1847 1331 1887 et
1362 1842 1577 1888 Romanos
1622 1831 1716 1886 inde
1761 1841 1811 1886 ab
1855 1810 2040 1885 Homero
2084 1848 2200 1899 patre
2238 1853 2321 1883 non

319 1927 453 1973 solum
497 1928 549 1972 ad
595 1927 905 2000 exprimendam
949 1928 1124 1987 aliquam
1168 1931 1325 1974 sonitus
1370 1931 1646 2005 strepitusque
1690 1915 2017 1984 similitudinem,
2073 1927 2150 1972 sed
2203 1928 2320 1970 etiam

320 2004 484 2073 quando
535 2017 685 2059 eminet
733 2015 950 2072 singularis
1000 2008 1135 2089 aliqua
1179 2003 1299 2075 animi
1342 2000 1534 2072 affectio,
1586 2031 1692 2088 quae
1736 2022 1800 2061 est
1843 2016 1983 2061 similis
2019 2015 2082 2070 ei,
2127 2028 2206 2073 qua
2243 2026 2319 2057 nos

318 2091 575 2147 recentiores
631 2100 901 2176 Germanicae
958 2086 1289 2186 christianaeque
1345 2109 1493 2160 gentes
1550 2117 1776 2147 movemur.
1876 2101 1994 2146 Hanc
2049 2105 2183 2145 autem
2237 2101 2320 2142 vim

319 2170 473 2233 vocum
504 2189 596 2249 plus
632 2191 754 2234 etiam
787 2173 906 2249 quam
938 2182 979 2234 in
1012 2182 1131 2249 epica
1170 2189 1316 2235 valere
1359 2191 1401 2235 in
1445 2193 1604 2249 tragica
1648 2193 1767 2250 poesi
1812 2192 2005 2235 existimo
2041 2196 2082 2234 et
2113 2191 2164 2234 in
2185 2188 2320 2232 Attica

319 2278 513 2331 maxime,
547 2283 593 2320 ut
625 2279 690 2321 cui
722 2269 866 2336 partini
884 2276 953 2321 ad
987 2277 1158 2322 deorum
1190 2267 1445 2336 heroum'qu'e
1477 2278 1710 2322 imitandam
1732 2271 2142 2336 grandiloquenti'am,
2175 2256 2318 2334 partim

318 2363 371 2407 ad
404 2363 649 2422 complenda
681 2366 879 2409 immensa
919 2364 1067 2409 theatri
1105 2366 1237 2424 spatia
1269 2378 1413 2410 omnes
1453 2362 1714 2424 pulmonum,
1765 2365 1962 2420 laterum,
2012 2359 2097 2408 oris
2130 2365 2242 2406 vires
2270 2354 2318 2404 'et

315 2452 435 2494 nervi
468 2445 608 2496 essent
641 2452 900 2507 intendendi,
959 2459 1004 2496 ut
1035 2452 1244 2506 histrionis
1274 2466 1366 2501 vox
1395 2467 1483 2505 non
1521 2468 1577 2497 ex
1611 2453 1784 2496 hominis
1828 2453 1904 2497 sed
1938 2467 1995 2495 ex
2028 2464 2152 2494 aereo
2196 2449 2318 2492 tubae

319 2537 604 2595 Tyrrhenicae
638 2552 713 2582 ore
746 2538 873 2582 ferire
906 2553 1029 2585 aures
1063 2539 1311 2583 audientium
1341 2539 1568 2583 videretur.
1637 2540 1780 2598 Itaque
1826 2520 1948 2597 quum
1985 2550 2111 2595 saepe
2155 2537 2317 2594 priores

316 2626 495 2668 maxime
526 2625 658 2683 Angli
689 2627 782 2671 soni
815 2628 957 2672 nescio
991 2641 1071 2684 qua
1102 2625 1395 2682 injucunditate
1440 2627 1587 2671 offensi
1630 2626 1763 2671 bonas
1805 2626 2004 2669 lectiones
2043 2623 2318 2680 corruperint,

316 2710 466 2755 videor
498 2711 592 2755 mihi
627 2711 773 2756 eadem
807 2726 959 2758 vocum
991 2714 1035 2757 vi
1062 2714 1240 2769 justiore.
1265 2714 1363 2770 jure
1404 2716 1465 2766 „uti
1493 2728 1637 2774 *posse
1681 2713 1732 2758 ad
1777 2712 1959 2756 codicum
2003 2710 2203 2754 lectiones
2248 2708 2316 2752 vel
