<?xml version="1.0" encoding="UTF-8"?>
<!DOCTYPE html PUBLIC "-//W3C//DTD XHTML 1.0 Transitional//EN"
    "http://www.w3.org/TR/xhtml1/DTD/xhtml1-transitional.dtd">
<html xmlns="http://www.w3.org/1999/xhtml" xml:lang="en" lang="en">
 <head>
  <title>
</title>
<meta http-equiv="Content-Type" content="text/html;charset=utf-8" />
  <meta name='ocr-system' content='tesseract 3.04.00' />
  <meta name='ocr-capabilities' content='ocr_page ocr_carea ocr_par ocr_line ocrx_word'/>
</head>
<body>
  <div class='ocr_page' id='page_1' title='image "./4769607_0021.png"; bbox 0 0 2652 3317; ppageno 0'>
   <div class='ocr_carea' id='block_1_1' title="bbox 275 187 2295 2759">
    <p class='ocr_par' dir='ltr' id='par_1_1' title="bbox 275 187 2295 2759">
     <span class='ocr_line' id='line_1_1' title="bbox 1068 187 1518 250; baseline 0.013 -8"><span class='ocrx_word' id='word_1_1' title='bbox 1068 189 1187 250; x_wconf 54' lang='lat' dir='ltr'><strong>effi</strong></span> <span class='ocrx_word' id='word_1_2' title='bbox 1249 189 1338 242; x_wconf 73' lang='lat'><strong>1⁵</strong></span> <span class='ocrx_word' id='word_1_3' title='bbox 1399 187 1518 248; x_wconf 52' lang='lat' dir='ltr'><em>Q</em></span> 
     </span>
     <span class='ocr_line' id='line_1_2' title="bbox 286 339 2294 402; baseline -0.001 -14"><span class='ocrx_word' id='word_1_4' title='bbox 286 341 466 388; x_wconf 90' lang='lat' dir='ltr'><strong>ultimum</strong></span> <span class='ocrx_word' id='word_1_5' title='bbox 499 354 669 387; x_wconf 84' lang='lat' dir='ltr'><strong>versum</strong></span> <span class='ocrx_word' id='word_1_6' title='bbox 701 342 858 386; x_wconf 91' lang='lat' dir='ltr'><strong>uncinis</strong></span> <span class='ocrx_word' id='word_1_7' title='bbox 892 339 1122 397; x_wconf 76' lang='lat' dir='ltr'><strong>includens,</strong></span> <span class='ocrx_word' id='word_1_8' title='bbox 1156 341 1389 386; x_wconf 76' lang='lat' dir='ltr'><strong>vitiositatis</strong></span> <span class='ocrx_word' id='word_1_9' title='bbox 1422 339 1571 385; x_wconf 89' lang='lat' dir='ltr'><strong>indicia</strong></span> <span class='ocrx_word' id='word_1_10' title='bbox 1605 354 1728 399; x_wconf 90' lang='lat' dir='ltr'><strong>quum</strong></span> <span class='ocrx_word' id='word_1_11' title='bbox 1760 341 1801 384; x_wconf 90' lang='lat' dir='ltr'><strong>in</strong></span> <span class='ocrx_word' id='word_1_12' title='bbox 1834 341 1922 387; x_wconf 89' lang='lat' dir='ltr'><strong>aliis</strong></span> <span class='ocrx_word' id='word_1_13' title='bbox 1956 347 2040 387; x_wconf 90' lang='lat' dir='ltr'><strong>tum</strong></span> <span class='ocrx_word' id='word_1_14' title='bbox 2073 343 2115 387; x_wconf 88' lang='lat' dir='ltr'><strong>in</strong></span> <span class='ocrx_word' id='word_1_15' title='bbox 2143 340 2294 402; x_wconf 78' lang='lat' dir='ltr'><strong>Polybi</strong></span> 
     </span>
     <span class='ocr_line' id='line_1_3' title="bbox 285 426 2295 489; baseline -0.001 -12"><span class='ocrx_word' id='word_1_16' title='bbox 285 431 460 477; x_wconf 90' lang='lat' dir='ltr'><strong>nominis</strong></span> <span class='ocrx_word' id='word_1_17' title='bbox 493 428 668 489; x_wconf 89' lang='lat' dir='ltr'><strong>quadam</strong></span> <span class='ocrx_word' id='word_1_18' title='bbox 699 429 1032 476; x_wconf 81' lang='lat' dir='ltr'><strong>inconvenientia</strong></span> <span class='ocrx_word' id='word_1_19' title='bbox 1065 427 1143 475; x_wconf 89' lang='lat' dir='ltr'><strong>sibi</strong></span> <span class='ocrx_word' id='word_1_20' title='bbox 1183 427 1395 475; x_wconf 86' lang='lat' dir='ltr'><strong>detexisse</strong></span> <span class='ocrx_word' id='word_1_21' title='bbox 1431 429 1561 474; x_wconf 77' lang='lat' dir='ltr'><strong>visus,</strong></span> <span class='ocrx_word' id='word_1_22' title='bbox 1644 426 1691 473; x_wconf 92' lang='lat' dir='ltr'><strong>In</strong></span> <span class='ocrx_word' id='word_1_23' title='bbox 1740 442 1821 487; x_wconf 91' lang='lat' dir='ltr'><strong>quo</strong></span> <span class='ocrx_word' id='word_1_24' title='bbox 1871 427 2116 475; x_wconf 83' lang='lat' dir='ltr'><strong>vindicando</strong></span> <span class='ocrx_word' id='word_1_25' title='bbox 2168 443 2295 476; x_wconf 90' lang='lat' dir='ltr'><strong>versu</strong></span> 
     </span>
     <span class='ocr_line' id='line_1_4' title="bbox 285 515 2295 578; baseline 0 -15"><span class='ocrx_word' id='word_1_26' title='bbox 285 518 451 564; x_wconf 80' lang='lat' dir='ltr'><strong>videtur</strong></span> <span class='ocrx_word' id='word_1_27' title='bbox 483 516 579 563; x_wconf 91' lang='lat' dir='ltr'><strong>mihi</strong></span> <span class='ocrx_word' id='word_1_28' title='bbox 612 531 636 563; x_wconf 92' lang='lat' dir='ltr'><strong>a</strong></span> <span class='ocrx_word' id='word_1_29' title='bbox 670 523 821 578; x_wconf 88' lang='lat' dir='ltr'><strong>poetae</strong></span> <span class='ocrx_word' id='word_1_30' title='bbox 855 516 1027 563; x_wconf 89' lang='lat' dir='ltr'><strong>consilio</strong></span> <span class='ocrx_word' id='word_1_31' title='bbox 1056 515 1329 576; x_wconf 83' lang='lat' dir='ltr'><strong>repetendum</strong></span> <span class='ocrx_word' id='word_1_32' title='bbox 1363 530 1471 563; x_wconf 90' lang='lat' dir='ltr'><strong>esse.</strong></span> <span class='ocrx_word' id='word_1_33' title='bbox 1538 516 1737 562; x_wconf 84' lang='lat' dir='ltr'><strong>Nimirum</strong></span> <span class='ocrx_word' id='word_1_34' title='bbox 1770 529 1892 576; x_wconf 92' lang='lat' dir='ltr'><strong>quum</strong></span> <span class='ocrx_word' id='word_1_35' title='bbox 1924 523 2047 577; x_wconf 83' lang='lat' dir='ltr'><strong>poeta</strong></span> <span class='ocrx_word' id='word_1_36' title='bbox 2079 520 2139 563; x_wconf 90' lang='lat' dir='ltr'><strong>sic</strong></span> <span class='ocrx_word' id='word_1_37' title='bbox 2166 523 2295 563; x_wconf 85' lang='lat' dir='ltr'><strong>totam</strong></span> 
     </span>
     <span class='ocr_line' id='line_1_5' title="bbox 285 604 2295 665; baseline -0.001 -15"><span class='ocrx_word' id='word_1_38' title='bbox 285 605 468 650; x_wconf 84' lang='lat' dir='ltr'><strong>fabulam</strong></span> <span class='ocrx_word' id='word_1_39' title='bbox 501 607 715 650; x_wconf 88' lang='lat' dir='ltr'><strong>instituerit</strong></span> <span class='ocrx_word' id='word_1_40' title='bbox 748 606 1105 665; x_wconf 80' lang='lat' dir='ltr'><strong>explicueritque‚</strong></span> <span class='ocrx_word' id='word_1_41' title='bbox 1156 610 1198 647; x_wconf 88' lang='lat' dir='ltr'><strong>ut</strong></span> <span class='ocrx_word' id='word_1_42' title='bbox 1233 604 1441 663; x_wconf 75' lang='lat' dir='ltr'><strong>Oedipus,</strong></span> <span class='ocrx_word' id='word_1_43' title='bbox 1492 616 1600 661; x_wconf 87' lang='lat' dir='ltr'><strong>quae</strong></span> <span class='ocrx_word' id='word_1_44' title='bbox 1647 611 1709 649; x_wconf 89' lang='lat' dir='ltr'><strong>est</strong></span> <span class='ocrx_word' id='word_1_45' title='bbox 1754 606 1844 661; x_wconf 87' lang='lat' dir='ltr'><strong>ejus</strong></span> <span class='ocrx_word' id='word_1_46' title='bbox 1888 606 1930 648; x_wconf 91' lang='lat' dir='ltr'><strong>in</strong></span> <span class='ocrx_word' id='word_1_47' title='bbox 1968 607 2168 648; x_wconf 87' lang='lat' dir='ltr'><strong>acerrimo</strong></span> <span class='ocrx_word' id='word_1_48' title='bbox 2202 608 2295 649; x_wconf 88' lang='lat' dir='ltr'><strong>veri</strong></span> 
     </span>
     <span class='ocr_line' id='line_1_6' title="bbox 286 692 2292 753; baseline -0.001 -15"><span class='ocrx_word' id='word_1_49' title='bbox 286 692 524 738; x_wconf 80' lang='lat' dir='ltr'><strong>inveniendi</strong></span> <span class='ocrx_word' id='word_1_50' title='bbox 584 693 721 738; x_wconf 91' lang='lat' dir='ltr'><strong>studio</strong></span> <span class='ocrx_word' id='word_1_51' title='bbox 783 695 961 738; x_wconf 89' lang='lat' dir='ltr'><strong>caecitas</strong></span> <span class='ocrx_word' id='word_1_52' title='bbox 979 725 994 749; x_wconf 63' lang='lat' dir='ltr'><em>v</em></span> <span class='ocrx_word' id='word_1_53' title='bbox 1071 692 1169 753; x_wconf 74' lang='lat' dir='ltr'><strong>dum</strong></span> <span class='ocrx_word' id='word_1_54' title='bbox 1216 694 1337 737; x_wconf 84' lang='lat' dir='ltr'><strong>certis</strong></span> <span class='ocrx_word' id='word_1_55' title='bbox 1399 694 1632 751; x_wconf 87' lang='lat' dir='ltr'><strong>apertisque</strong></span> <span class='ocrx_word' id='word_1_56' title='bbox 1692 694 1908 750; x_wconf 76' lang='lat' dir='ltr'><strong>vestigiis,</strong></span> <span class='ocrx_word' id='word_1_57' title='bbox 1969 694 2118 752; x_wconf 83' lang='lat' dir='ltr'><strong>spretis</strong></span> <span class='ocrx_word' id='word_1_58' title='bbox 2173 696 2292 750; x_wconf 89' lang='lat' dir='ltr'><strong>vagis</strong></span> 
     </span>
     <span class='ocr_line' id='line_1_7' title="bbox 286 779 2292 840; baseline -0 -15"><span class='ocrx_word' id='word_1_59' title='bbox 286 781 602 839; x_wconf 74' lang='lat' dir='ltr'><strong>fallacibusque,</strong></span> <span class='ocrx_word' id='word_1_60' title='bbox 636 788 680 825; x_wconf 84' lang='lat' dir='ltr'><strong>ut</strong></span> <span class='ocrx_word' id='word_1_61' title='bbox 712 783 790 840; x_wconf 90' lang='lat' dir='ltr'><strong>ipsi</strong></span> <span class='ocrx_word' id='word_1_62' title='bbox 822 781 1029 837; x_wconf 74' lang='lat' dir='ltr'><strong>videntur,</strong></span> <span class='ocrx_word' id='word_1_63' title='bbox 1062 782 1255 826; x_wconf 88' lang='lat' dir='ltr'><strong>insistere</strong></span> <span class='ocrx_word' id='word_1_64' title='bbox 1287 780 1366 825; x_wconf 91' lang='lat' dir='ltr'><strong>sibi</strong></span> <span class='ocrx_word' id='word_1_65' title='bbox 1399 779 1566 824; x_wconf 89' lang='lat' dir='ltr'><strong>videtur</strong></span> <span class='ocrx_word' id='word_1_66' title='bbox 1589 787 1630 824; x_wconf 91' lang='lat' dir='ltr'><strong>et</strong></span> <span class='ocrx_word' id='word_1_67' title='bbox 1653 794 1757 824; x_wconf 89' lang='lat' dir='ltr'><strong>vere</strong></span> <span class='ocrx_word' id='word_1_68' title='bbox 1781 782 1929 826; x_wconf 78' lang='lat' dir='ltr'><strong>insistit</strong></span> <span class='ocrx_word' id='word_1_69' title='bbox 1949 782 2292 840; x_wconf 84' lang='lat' dir='ltr'><strong>persequiturque</strong></span> 
     </span>
     <span class='ocr_line' id='line_1_8' title="bbox 285 867 2291 926; baseline -0 -14"><span class='ocrx_word' id='word_1_70' title='bbox 285 867 366 913; x_wconf 86' lang='lat' dir='ltr'><strong>alia</strong></span> <span class='ocrx_word' id='word_1_71' title='bbox 410 868 526 913; x_wconf 91' lang='lat' dir='ltr'><strong>velut</strong></span> <span class='ocrx_word' id='word_1_72' title='bbox 566 869 840 914; x_wconf 88' lang='lat' dir='ltr'><strong>intentissima</strong></span> <span class='ocrx_word' id='word_1_73' title='bbox 884 868 1099 913; x_wconf 87' lang='lat' dir='ltr'><strong>oculorum</strong></span> <span class='ocrx_word' id='word_1_74' title='bbox 1143 869 1258 923; x_wconf 67' lang='lat' dir='ltr'><strong>acie,</strong></span> <span class='ocrx_word' id='word_1_75' title='bbox 1308 873 1452 912; x_wconf 87' lang='lat' dir='ltr'><strong>contra</strong></span> <span class='ocrx_word' id='word_1_76' title='bbox 1485 867 1564 911; x_wconf 89' lang='lat' dir='ltr'><strong>alia</strong></span> <span class='ocrx_word' id='word_1_77' title='bbox 1597 869 1694 911; x_wconf 88' lang='lat' dir='ltr'><strong>item</strong></span> <span class='ocrx_word' id='word_1_78' title='bbox 1733 869 1999 926; x_wconf 75' lang='lat' dir='ltr'><strong>apparentia,</strong></span> <span class='ocrx_word' id='word_1_79' title='bbox 2050 867 2128 912; x_wconf 92' lang='lat' dir='ltr'><strong>sed</strong></span> <span class='ocrx_word' id='word_1_80' title='bbox 2161 870 2291 912; x_wconf 89' lang='lat' dir='ltr'><strong>minus</strong></span> 
     </span>
     <span class='ocr_line' id='line_1_9' title="bbox 286 952 2292 1014; baseline 0 -18"><span class='ocrx_word' id='word_1_81' title='bbox 286 958 431 1012; x_wconf 89' lang='lat' dir='ltr'><strong>aperta</strong></span> <span class='ocrx_word' id='word_1_82' title='bbox 475 959 516 998; x_wconf 89' lang='lat' dir='ltr'><strong>et</strong></span> <span class='ocrx_word' id='word_1_83' title='bbox 561 956 742 1000; x_wconf 86' lang='lat' dir='ltr'><strong>extantia</strong></span> <span class='ocrx_word' id='word_1_84' title='bbox 786 969 840 1001; x_wconf 91' lang='lat' dir='ltr'><strong>ne</strong></span> <span class='ocrx_word' id='word_1_85' title='bbox 884 953 1054 1000; x_wconf 88' lang='lat' dir='ltr'><strong>attendit</strong></span> <span class='ocrx_word' id='word_1_86' title='bbox 1096 953 1261 1014; x_wconf 88' lang='lat' dir='ltr'><strong>quidem</strong></span> <span class='ocrx_word' id='word_1_87' title='bbox 1302 955 1456 1014; x_wconf 85' lang='lat' dir='ltr'><strong>quippe</strong></span> <span class='ocrx_word' id='word_1_88' title='bbox 1500 952 1740 1013; x_wconf 89' lang='lat' dir='ltr'><strong>perturbato</strong></span> <span class='ocrx_word' id='word_1_89' title='bbox 1786 953 2003 1000; x_wconf 86' lang='lat' dir='ltr'><strong>affectibus</strong></span> <span class='ocrx_word' id='word_1_90' title='bbox 2048 955 2183 999; x_wconf 85' lang='lat' dir='ltr'><strong>animo</strong></span> <span class='ocrx_word' id='word_1_91' title='bbox 2224 953 2292 997; x_wconf 84' lang='lat' dir='ltr'><strong>vel</strong></span> 
     </span>
     <span class='ocr_line' id='line_1_10' title="bbox 286 1041 2292 1099; baseline 0 -15"><span class='ocrx_word' id='word_1_92' title='bbox 286 1041 327 1084; x_wconf 92' lang='lat' dir='ltr'><strong>in</strong></span> <span class='ocrx_word' id='word_1_93' title='bbox 361 1053 482 1085; x_wconf 90' lang='lat' dir='ltr'><strong>unam</strong></span> <span class='ocrx_word' id='word_1_94' title='bbox 515 1046 669 1086; x_wconf 90' lang='lat' dir='ltr'><strong>tantum</strong></span> <span class='ocrx_word' id='word_1_95' title='bbox 702 1055 790 1086; x_wconf 92' lang='lat' dir='ltr'><strong>rem</strong></span> <span class='ocrx_word' id='word_1_96' title='bbox 822 1043 1004 1098; x_wconf 74' lang='lat' dir='ltr'><strong>intento,</strong></span> <span class='ocrx_word' id='word_1_97' title='bbox 1054 1047 1191 1087; x_wconf 77' lang='lat' dir='ltr'><strong>tantae</strong></span> <span class='ocrx_word' id='word_1_98' title='bbox 1233 1042 1355 1098; x_wconf 88' lang='lat' dir='ltr'><strong>igitur</strong></span> <span class='ocrx_word' id='word_1_99' title='bbox 1400 1054 1522 1099; x_wconf 88' lang='lat' dir='ltr'><strong>quum</strong></span> <span class='ocrx_word' id='word_1_100' title='bbox 1567 1043 1656 1098; x_wconf 84' lang='lat' dir='ltr'><strong>ejus</strong></span> <span class='ocrx_word' id='word_1_101' title='bbox 1697 1044 1823 1086; x_wconf 87' lang='lat' dir='ltr'><strong>menti</strong></span> <span class='ocrx_word' id='word_1_102' title='bbox 1856 1041 2062 1090; x_wconf 80' lang='lat' dir='ltr'><strong>obductae</strong></span> <span class='ocrx_word' id='word_1_103' title='bbox 2094 1041 2292 1085; x_wconf 81' lang='lat' dir='ltr'><strong>tenebrae</strong></span> 
     </span>
     <span class='ocr_line' id='line_1_11' title="bbox 283 1128 2291 1187; baseline 0 -15"><span class='ocrx_word' id='word_1_104' title='bbox 283 1128 377 1183; x_wconf 78' lang='lat' dir='ltr'><strong>sint,</strong></span> <span class='ocrx_word' id='word_1_105' title='bbox 412 1133 457 1172; x_wconf 89' lang='lat' dir='ltr'><strong>ut</strong></span> <span class='ocrx_word' id='word_1_106' title='bbox 488 1134 723 1187; x_wconf 86' lang='lat' dir='ltr'><strong>postremus</strong></span> <span class='ocrx_word' id='word_1_107' title='bbox 757 1131 937 1174; x_wconf 90' lang='lat' dir='ltr'><strong>omnium</strong></span> <span class='ocrx_word' id='word_1_108' title='bbox 970 1135 1013 1174; x_wconf 89' lang='lat' dir='ltr'><strong>et</strong></span> <span class='ocrx_word' id='word_1_109' title='bbox 1045 1129 1195 1174; x_wconf 85' lang='lat' dir='ltr'><strong>sentiat</strong></span> <span class='ocrx_word' id='word_1_110' title='bbox 1228 1134 1269 1173; x_wconf 88' lang='lat' dir='ltr'><strong>et</strong></span> <span class='ocrx_word' id='word_1_111' title='bbox 1300 1128 1521 1187; x_wconf 75' lang='lat' dir='ltr'><strong>pervIdeat</strong></span> <span class='ocrx_word' id='word_1_112' title='bbox 1554 1128 1683 1174; x_wconf 88' lang='lat' dir='ltr'><strong>dirum</strong></span> <span class='ocrx_word' id='word_1_113' title='bbox 1718 1129 1829 1187; x_wconf 90' lang='lat' dir='ltr'><strong>quod</strong></span> <span class='ocrx_word' id='word_1_114' title='bbox 1861 1128 1964 1174; x_wconf 90' lang='lat' dir='ltr'><strong>latet</strong></span> <span class='ocrx_word' id='word_1_115' title='bbox 1995 1128 2173 1174; x_wconf 87' lang='lat' dir='ltr'><strong>facinus:</strong></span> <span class='ocrx_word' id='word_1_116' title='bbox 2203 1131 2291 1185; x_wconf 79' lang='lat' dir='ltr'><strong>jani</strong></span> 
     </span>
     <span class='ocr_line' id='line_1_12' title="bbox 285 1214 2292 1277; baseline 0 -17"><span class='ocrx_word' id='word_1_117' title='bbox 285 1220 351 1260; x_wconf 86' lang='lat' dir='ltr'><strong>est</strong></span> <span class='ocrx_word' id='word_1_118' title='bbox 382 1216 423 1260; x_wconf 90' lang='lat' dir='ltr'><strong>in</strong></span> <span class='ocrx_word' id='word_1_119' title='bbox 456 1214 541 1261; x_wconf 87' lang='lat' dir='ltr'><strong>hoc</strong></span> <span class='ocrx_word' id='word_1_120' title='bbox 574 1217 809 1277; x_wconf 81' lang='grc' dir='ltr'><strong><em>ἐπειςοδίῳ</em></strong></span> <span class='ocrx_word' id='word_1_121' title='bbox 843 1216 923 1262; x_wconf 92' lang='lat' dir='ltr'><strong>hoc</strong></span> <span class='ocrx_word' id='word_1_122' title='bbox 955 1221 1108 1275; x_wconf 88' lang='lat' dir='ltr'><strong>poetae</strong></span> <span class='ocrx_word' id='word_1_123' title='bbox 1141 1215 1381 1271; x_wconf 76' lang='lat' dir='ltr'><strong>consilium,</strong></span> <span class='ocrx_word' id='word_1_124' title='bbox 1416 1221 1461 1260; x_wconf 90' lang='lat' dir='ltr'><strong>ut</strong></span> <span class='ocrx_word' id='word_1_125' title='bbox 1493 1215 1691 1272; x_wconf 66' lang='lat' dir='ltr'><strong>Jocasta,</strong></span> <span class='ocrx_word' id='word_1_126' title='bbox 1732 1216 1827 1260; x_wconf 89' lang='lat' dir='ltr'><strong>dum</strong></span> <span class='ocrx_word' id='word_1_127' title='bbox 1861 1222 2053 1262; x_wconf 89' lang='lat' dir='ltr'><strong>avertere</strong></span> <span class='ocrx_word' id='word_1_128' title='bbox 2093 1230 2118 1260; x_wconf 92' lang='lat' dir='ltr'><strong>a</strong></span> <span class='ocrx_word' id='word_1_129' title='bbox 2151 1216 2292 1261; x_wconf 89' lang='lat' dir='ltr'><strong>caedis</strong></span> 
     </span>
     <span class='ocr_line' id='line_1_13' title="bbox 285 1302 2292 1362; baseline 0 -16"><span class='ocrx_word' id='word_1_130' title='bbox 285 1304 536 1359; x_wconf 80' lang='lat' dir='ltr'><strong>cogitatione</strong></span> <span class='ocrx_word' id='word_1_131' title='bbox 572 1302 721 1362; x_wconf 84' lang='lat' dir='ltr'><strong>Oedipi</strong></span> <span class='ocrx_word' id='word_1_132' title='bbox 754 1305 932 1348; x_wconf 86' lang='lat' dir='ltr'><strong>animum</strong></span> <span class='ocrx_word' id='word_1_133' title='bbox 964 1303 1126 1359; x_wconf 69' lang='lat' dir='ltr'><strong>studet,</strong></span> <span class='ocrx_word' id='word_1_134' title='bbox 1167 1305 1300 1358; x_wconf 73' lang='lat' dir='ltr'><strong>trivii,</strong></span> <span class='ocrx_word' id='word_1_135' title='bbox 1341 1305 1382 1347; x_wconf 93' lang='lat' dir='ltr'><strong>in</strong></span> <span class='ocrx_word' id='word_1_136' title='bbox 1417 1316 1497 1361; x_wconf 94' lang='lat' dir='ltr'><strong>quo</strong></span> <span class='ocrx_word' id='word_1_137' title='bbox 1532 1303 1642 1347; x_wconf 86' lang='lat' dir='ltr'><strong>facta</strong></span> <span class='ocrx_word' id='word_1_138' title='bbox 1677 1303 1831 1349; x_wconf 89' lang='lat' dir='ltr'><strong>caedes</strong></span> <span class='ocrx_word' id='word_1_139' title='bbox 1866 1311 1980 1359; x_wconf 70' lang='lat' dir='ltr'><strong>erat,</strong></span> <span class='ocrx_word' id='word_1_140' title='bbox 2026 1303 2292 1362; x_wconf 84' lang='lat' dir='ltr'><strong>transfixique</strong></span> 
     </span>
     <span class='ocr_line' id='line_1_14' title="bbox 283 1388 2290 1450; baseline 0.001 -18"><span class='ocrx_word' id='word_1_141' title='bbox 283 1388 456 1447; x_wconf 86' lang='lat' dir='ltr'><strong>pedibus</strong></span> <span class='ocrx_word' id='word_1_142' title='bbox 490 1392 754 1449; x_wconf 85' lang='lat' dir='ltr'><strong>expositique</strong></span> <span class='ocrx_word' id='word_1_143' title='bbox 792 1390 955 1449; x_wconf 89' lang='lat' dir='ltr'><strong>parvuli</strong></span> <span class='ocrx_word' id='word_1_144' title='bbox 997 1390 1088 1435; x_wconf 89' lang='lat' dir='ltr'><strong>Laii</strong></span> <span class='ocrx_word' id='word_1_145' title='bbox 1131 1390 1200 1434; x_wconf 82' lang='lat' dir='ltr'><strong>filii</strong></span> <span class='ocrx_word' id='word_1_146' title='bbox 1243 1392 1660 1445; x_wconf 65' lang='lat' dir='ltr'><strong>commemoratione,</strong></span> <span class='ocrx_word' id='word_1_147' title='bbox 1707 1391 1836 1435; x_wconf 90' lang='lat' dir='ltr'><strong>altero</strong></span> <span class='ocrx_word' id='word_1_148' title='bbox 1869 1392 1910 1433; x_wconf 89' lang='lat' dir='ltr'><strong>in</strong></span> <span class='ocrx_word' id='word_1_149' title='bbox 1945 1389 2121 1450; x_wconf 68' lang='lat' dir='ltr'><strong>Oedipi,</strong></span> <span class='ocrx_word' id='word_1_150' title='bbox 2160 1391 2290 1434; x_wconf 86' lang='lat' dir='ltr'><strong>altero</strong></span> 
     </span>
     <span class='ocr_line' id='line_1_15' title="bbox 281 1476 2289 1538; baseline 0 -18"><span class='ocrx_word' id='word_1_151' title='bbox 281 1477 322 1520; x_wconf 89' lang='lat' dir='ltr'><strong>in</strong></span> <span class='ocrx_word' id='word_1_152' title='bbox 378 1490 524 1521; x_wconf 89' lang='lat' dir='ltr'><strong>senum</strong></span> <span class='ocrx_word' id='word_1_153' title='bbox 567 1476 833 1522; x_wconf 88' lang='lat' dir='ltr'><strong>chor-umdico</strong></span> <span class='ocrx_word' id='word_1_154' title='bbox 889 1483 929 1522; x_wconf 88' lang='lat' dir='ltr'><strong>et</strong></span> <span class='ocrx_word' id='word_1_155' title='bbox 978 1476 1210 1522; x_wconf 88' lang='lat' dir='ltr'><strong>auditorum</strong></span> <span class='ocrx_word' id='word_1_156' title='bbox 1257 1479 1415 1522; x_wconf 89' lang='lat' dir='ltr'><strong>animos</strong></span> <span class='ocrx_word' id='word_1_157' title='bbox 1461 1490 1536 1521; x_wconf 92' lang='lat' dir='ltr'><strong>eos</strong></span> <span class='ocrx_word' id='word_1_158' title='bbox 1583 1479 1767 1521; x_wconf 86' lang='lat' dir='ltr'><strong>immittat</strong></span> <span class='ocrx_word' id='word_1_159' title='bbox 1809 1477 1983 1521; x_wconf 88' lang='lat' dir='ltr'><strong>aculeos</strong></span> <span class='ocrx_word' id='word_1_160' title='bbox 2038 1480 2289 1538; x_wconf 85' lang='lat' dir='ltr'><strong>recipiatque</strong></span> 
     </span>
     <span class='ocr_line' id='line_1_16' title="bbox 282 1562 2291 1624; baseline 0.001 -17"><span class='ocrx_word' id='word_1_161' title='bbox 282 1564 373 1622; x_wconf 91' lang='lat' dir='ltr'><strong>ipsa</strong></span> <span class='ocrx_word' id='word_1_162' title='bbox 407 1577 464 1608; x_wconf 85' lang='lat' dir='ltr'><strong>ex</strong></span> <span class='ocrx_word' id='word_1_163' title='bbox 499 1563 648 1624; x_wconf 90' lang='lat' dir='ltr'><strong>Oedipi</strong></span> <span class='ocrx_word' id='word_1_164' title='bbox 680 1566 942 1620; x_wconf 72' lang='lat' dir='ltr'><strong>narratione,</strong></span> <span class='ocrx_word' id='word_1_165' title='bbox 992 1570 1034 1609; x_wconf 89' lang='lat' dir='ltr'><strong>ut</strong></span> <span class='ocrx_word' id='word_1_166' title='bbox 1072 1566 1163 1624; x_wconf 87' lang='lat' dir='ltr'><strong>ipsa</strong></span> <span class='ocrx_word' id='word_1_167' title='bbox 1197 1569 1237 1609; x_wconf 90' lang='lat' dir='ltr'><strong>et</strong></span> <span class='ocrx_word' id='word_1_168' title='bbox 1273 1562 1482 1609; x_wconf 83' lang='lat' dir='ltr'><strong>auditores</strong></span> <span class='ocrx_word' id='word_1_169' title='bbox 1517 1565 1604 1621; x_wconf 75' lang='lat' dir='ltr'><strong>Jam</strong></span> <span class='ocrx_word' id='word_1_170' title='bbox 1637 1578 1769 1624; x_wconf 86' lang='lat' dir='ltr'><strong>prope</strong></span> <span class='ocrx_word' id='word_1_171' title='bbox 1803 1564 1999 1610; x_wconf 87' lang='lat' dir='ltr'><strong>viedeant</strong></span> <span class='ocrx_word' id='word_1_172' title='bbox 2033 1579 2196 1609; x_wconf 91' lang='lat' dir='ltr'><strong>omnem</strong></span> <span class='ocrx_word' id='word_1_173' title='bbox 2229 1567 2291 1609; x_wconf 87' lang='lat' dir='ltr'><strong>rei</strong></span> 
     </span>
     <span class='ocr_line' id='line_1_17' title="bbox 281 1651 2289 1711; baseline 0 -16"><span class='ocrx_word' id='word_1_174' title='bbox 281 1652 565 1706; x_wconf 72' lang='lat' dir='ltr'><strong>atrocitatem,</strong></span> <span class='ocrx_word' id='word_1_175' title='bbox 616 1653 845 1711; x_wconf 87' lang='lat' dir='ltr'><strong>concipiant</strong></span> <span class='ocrx_word' id='word_1_176' title='bbox 892 1652 1001 1697; x_wconf 88' lang='lat' dir='ltr'><strong>bona</strong></span> <span class='ocrx_word' id='word_1_177' title='bbox 1050 1658 1148 1697; x_wconf 92' lang='lat' dir='ltr'><strong>vota</strong></span> <span class='ocrx_word' id='word_1_178' title='bbox 1197 1653 1371 1697; x_wconf 86' lang='lat' dir='ltr'><strong>civitatis</strong></span> <span class='ocrx_word' id='word_1_179' title='bbox 1419 1654 1627 1710; x_wconf 89' lang='lat' dir='ltr'><strong>principes</strong></span> <span class='ocrx_word' id='word_1_180' title='bbox 1679 1666 1830 1707; x_wconf 68' lang='lat' dir='ltr'><strong>senes,</strong></span> <span class='ocrx_word' id='word_1_181' title='bbox 1885 1651 2055 1697; x_wconf 87' lang='lat' dir='ltr'><strong>horreat</strong></span> <span class='ocrx_word' id='word_1_182' title='bbox 2105 1652 2289 1710; x_wconf 88' lang='lat' dir='ltr'><strong>Oedipus</strong></span> 
     </span>
     <span class='ocr_line' id='line_1_18' title="bbox 282 1738 2290 1799; baseline 0 -18"><span class='ocrx_word' id='word_1_183' title='bbox 282 1750 475 1797; x_wconf 73' lang='lat' dir='ltr'><strong>quoque,</strong></span> <span class='ocrx_word' id='word_1_184' title='bbox 525 1738 603 1784; x_wconf 89' lang='lat' dir='ltr'><strong>sed</strong></span> <span class='ocrx_word' id='word_1_185' title='bbox 639 1739 740 1784; x_wconf 91' lang='lat' dir='ltr'><strong>illud</strong></span> <span class='ocrx_word' id='word_1_186' title='bbox 781 1752 930 1795; x_wconf 68' lang='lat' dir='ltr'><strong>unum,</strong></span> <span class='ocrx_word' id='word_1_187' title='bbox 979 1753 1033 1783; x_wconf 91' lang='lat' dir='ltr'><strong>ne</strong></span> <span class='ocrx_word' id='word_1_188' title='bbox 1082 1752 1185 1783; x_wconf 81' lang='lat' dir='ltr'><strong>mox</strong></span> <span class='ocrx_word' id='word_1_189' title='bbox 1233 1739 1491 1784; x_wconf 83' lang='lat' dir='ltr'><strong>interfecisse</strong></span> <span class='ocrx_word' id='word_1_190' title='bbox 1538 1753 1685 1796; x_wconf 88' lang='lat' dir='ltr'><strong>regem</strong></span> <span class='ocrx_word' id='word_1_191' title='bbox 1729 1741 1960 1798; x_wconf 85' lang='lat' dir='ltr'><strong>reperiatur</strong></span> <span class='ocrx_word' id='word_1_192' title='bbox 2010 1746 2053 1783; x_wconf 91' lang='lat' dir='ltr'><strong>et</strong></span> <span class='ocrx_word' id='word_1_193' title='bbox 2101 1740 2290 1799; x_wconf 88' lang='lat' dir='ltr'><strong>polluere</strong></span> 
     </span>
     <span class='ocr_line' id='line_1_19' title="bbox 281 1825 2289 1884; baseline 0.001 -16"><span class='ocrx_word' id='word_1_194' title='bbox 281 1825 450 1870; x_wconf 85' lang='lat' dir='ltr'><strong>nefariis</strong></span> <span class='ocrx_word' id='word_1_195' title='bbox 483 1826 668 1872; x_wconf 89' lang='lat' dir='ltr'><strong>manibus</strong></span> <span class='ocrx_word' id='word_1_196' title='bbox 701 1829 862 1884; x_wconf 86' lang='lat' dir='ltr'><strong>regium</strong></span> <span class='ocrx_word' id='word_1_197' title='bbox 895 1829 1193 1871; x_wconf 80' lang='lat' dir='ltr'><strong>matrimonium</strong></span> <span class='ocrx_word' id='word_1_198' title='bbox 1226 1833 1481 1884; x_wconf 86' lang='lat' dir='ltr'><strong>cogaturque</strong></span> <span class='ocrx_word' id='word_1_199' title='bbox 1517 1827 1689 1870; x_wconf 83' lang='lat' dir='ltr'><strong>exulare</strong></span> <span class='ocrx_word' id='word_1_200' title='bbox 1723 1840 1858 1883; x_wconf 86' lang='lat' dir='ltr'><strong>regno</strong></span> <span class='ocrx_word' id='word_1_201' title='bbox 1898 1833 1941 1870; x_wconf 90' lang='lat' dir='ltr'><strong>et</strong></span> <span class='ocrx_word' id='word_1_202' title='bbox 1973 1830 2107 1872; x_wconf 89' lang='lat' dir='ltr'><strong>vitare</strong></span> <span class='ocrx_word' id='word_1_203' title='bbox 2140 1834 2289 1871; x_wconf 87' lang='lat' dir='ltr'><strong>terram</strong></span> 
     </span>
     <span class='ocr_line' id='line_1_20' title="bbox 279 1915 2288 1972; baseline 0.001 -17"><span class='ocrx_word' id='word_1_204' title='bbox 279 1915 466 1970; x_wconf 73' lang='lat' dir='ltr'><strong>patriam,</strong></span> <span class='ocrx_word' id='word_1_205' title='bbox 500 1916 577 1957; x_wconf 89' lang='lat' dir='ltr'><strong>nisi</strong></span> <span class='ocrx_word' id='word_1_206' title='bbox 610 1915 711 1957; x_wconf 89' lang='lat' dir='ltr'><strong>velit</strong></span> <span class='ocrx_word' id='word_1_207' title='bbox 742 1918 921 1957; x_wconf 88' lang='lat' dir='ltr'><strong>incestas</strong></span> <span class='ocrx_word' id='word_1_208' title='bbox 956 1929 1048 1957; x_wconf 92' lang='lat' dir='ltr'><strong>cum</strong></span> <span class='ocrx_word' id='word_1_209' title='bbox 1080 1921 1209 1957; x_wconf 85' lang='lat' dir='ltr'><strong>matre</strong></span> <span class='ocrx_word' id='word_1_210' title='bbox 1241 1917 1343 1957; x_wconf 91' lang='lat' dir='ltr'><strong>inire</strong></span> <span class='ocrx_word' id='word_1_211' title='bbox 1377 1917 1538 1972; x_wconf 87' lang='lat' dir='ltr'><strong>nuptias</strong></span> <span class='ocrx_word' id='word_1_212' title='bbox 1568 1921 1609 1956; x_wconf 91' lang='lat' dir='ltr'><strong>et</strong></span> <span class='ocrx_word' id='word_1_213' title='bbox 1635 1916 1866 1957; x_wconf 87' lang='lat' dir='ltr'><strong>interficere</strong></span> <span class='ocrx_word' id='word_1_214' title='bbox 1887 1921 2046 1972; x_wconf 86' lang='lat' dir='ltr'><strong>patrem</strong></span> <span class='ocrx_word' id='word_1_215' title='bbox 2069 1916 2288 1972; x_wconf 70' lang='lat' dir='ltr'><strong>Polybum,</strong></span> 
     </span>
     <span class='ocr_line' id='line_1_21' title="bbox 281 2001 2287 2060; baseline 0 -18"><span class='ocrx_word' id='word_1_216' title='bbox 281 2001 350 2058; x_wconf 92' lang='lat' dir='ltr'><strong>qui</strong></span> <span class='ocrx_word' id='word_1_217' title='bbox 392 2001 525 2058; x_wconf 89' lang='lat' dir='ltr'><strong>ipsum</strong></span> <span class='ocrx_word' id='word_1_218' title='bbox 568 2003 855 2060; x_wconf 88' lang='lat' dir='ltr'><strong>procreaverit</strong></span> <span class='ocrx_word' id='word_1_219' title='bbox 899 2008 941 2044; x_wconf 91' lang='lat' dir='ltr'><strong>et</strong></span> <span class='ocrx_word' id='word_1_220' title='bbox 980 2001 1234 2045; x_wconf 88' lang='lat' dir='ltr'><strong>educaverit.</strong></span> <span class='ocrx_word' id='word_1_221' title='bbox 1302 2001 1406 2044; x_wconf 89' lang='lat' dir='ltr'><strong>Tam</strong></span> <span class='ocrx_word' id='word_1_222' title='bbox 1451 2001 1581 2045; x_wconf 89' lang='lat' dir='ltr'><strong>densa</strong></span> <span class='ocrx_word' id='word_1_223' title='bbox 1623 2004 1747 2057; x_wconf 86' lang='lat' dir='ltr'><strong>igitur</strong></span> <span class='ocrx_word' id='word_1_224' title='bbox 1791 2016 1914 2059; x_wconf 90' lang='lat' dir='ltr'><strong>quum</strong></span> <span class='ocrx_word' id='word_1_225' title='bbox 1959 2001 2110 2060; x_wconf 89' lang='lat' dir='ltr'><strong>Oedipi</strong></span> <span class='ocrx_word' id='word_1_226' title='bbox 2154 2004 2287 2044; x_wconf 89' lang='lat' dir='ltr'><strong>animo</strong></span> 
     </span>
     <span class='ocr_line' id='line_1_22' title="bbox 281 2087 2285 2148; baseline 0 -17"><span class='ocrx_word' id='word_1_227' title='bbox 281 2087 334 2131; x_wconf 87' lang='lat' dir='ltr'><strong>de</strong></span> <span class='ocrx_word' id='word_1_228' title='bbox 366 2102 525 2133; x_wconf 90' lang='lat' dir='ltr'><strong>summa</strong></span> <span class='ocrx_word' id='word_1_229' title='bbox 556 2103 622 2142; x_wconf 70' lang='lat' dir='ltr'><strong>re,</strong></span> <span class='ocrx_word' id='word_1_230' title='bbox 656 2089 708 2132; x_wconf 90' lang='lat' dir='ltr'><strong>de</strong></span> <span class='ocrx_word' id='word_1_231' title='bbox 741 2103 844 2133; x_wconf 88' lang='lat' dir='ltr'><strong>vera</strong></span> <span class='ocrx_word' id='word_1_232' title='bbox 877 2091 1034 2147; x_wconf 64' lang='lat' dir='ltr'><strong>patria,</strong></span> <span class='ocrx_word' id='word_1_233' title='bbox 1070 2089 1122 2132; x_wconf 91' lang='lat' dir='ltr'><strong>de</strong></span> <span class='ocrx_word' id='word_1_234' title='bbox 1156 2103 1262 2133; x_wconf 91' lang='lat' dir='ltr'><strong>vero</strong></span> <span class='ocrx_word' id='word_1_235' title='bbox 1295 2096 1413 2147; x_wconf 89' lang='lat' dir='ltr'><strong>patre</strong></span> <span class='ocrx_word' id='word_1_236' title='bbox 1448 2097 1489 2133; x_wconf 90' lang='lat' dir='ltr'><strong>et</strong></span> <span class='ocrx_word' id='word_1_237' title='bbox 1522 2097 1677 2143; x_wconf 71' lang='lat' dir='ltr'><strong>matre,</strong></span> <span class='ocrx_word' id='word_1_238' title='bbox 1725 2090 1776 2133; x_wconf 92' lang='lat' dir='ltr'><strong>de</strong></span> <span class='ocrx_word' id='word_1_239' title='bbox 1805 2092 1893 2145; x_wconf 90' lang='lat' dir='ltr'><strong>jam</strong></span> <span class='ocrx_word' id='word_1_240' title='bbox 1924 2096 2163 2148; x_wconf 89' lang='lat' dir='ltr'><strong>perpetrato</strong></span> <span class='ocrx_word' id='word_1_241' title='bbox 2199 2089 2285 2133; x_wconf 89' lang='lat' dir='ltr'><strong>diro</strong></span> 
     </span>
     <span class='ocr_line' id='line_1_23' title="bbox 278 2176 2286 2235; baseline 0 -16"><span class='ocrx_word' id='word_1_242' title='bbox 278 2176 523 2232; x_wconf 76' lang='lat' dir='ltr'><strong>parricidio,</strong></span> <span class='ocrx_word' id='word_1_243' title='bbox 575 2176 628 2219; x_wconf 89' lang='lat' dir='ltr'><strong>de</strong></span> <span class='ocrx_word' id='word_1_244' title='bbox 666 2178 754 2232; x_wconf 90' lang='lat' dir='ltr'><strong>jam</strong></span> <span class='ocrx_word' id='word_1_245' title='bbox 798 2178 903 2220; x_wconf 84' lang='lat' dir='ltr'><strong>initis</strong></span> <span class='ocrx_word' id='word_1_246' title='bbox 947 2179 1112 2221; x_wconf 87' lang='lat' dir='ltr'><strong>incestis</strong></span> <span class='ocrx_word' id='word_1_247' title='bbox 1158 2191 1250 2220; x_wconf 89' lang='lat' dir='ltr'><strong>cum</strong></span> <span class='ocrx_word' id='word_1_248' title='bbox 1293 2184 1424 2220; x_wconf 90' lang='lat' dir='ltr'><strong>matre</strong></span> <span class='ocrx_word' id='word_1_249' title='bbox 1458 2181 1607 2235; x_wconf 90' lang='lat' dir='ltr'><strong>nuptiis</strong></span> <span class='ocrx_word' id='word_1_250' title='bbox 1644 2178 1776 2221; x_wconf 80' lang='lat' dir='ltr'><strong>offusa</strong></span> <span class='ocrx_word' id='word_1_251' title='bbox 1811 2178 1948 2233; x_wconf 90' lang='lat' dir='ltr'><strong>caligo</strong></span> <span class='ocrx_word' id='word_1_252' title='bbox 1983 2180 2060 2231; x_wconf 68' lang='lat' dir='ltr'><strong>sit,</strong></span> <span class='ocrx_word' id='word_1_253' title='bbox 2110 2184 2153 2221; x_wconf 93' lang='lat' dir='ltr'><strong>ut</strong></span> <span class='ocrx_word' id='word_1_254' title='bbox 2192 2192 2286 2221; x_wconf 89' lang='lat' dir='ltr'><strong>esse</strong></span> 
     </span>
     <span class='ocr_line' id='line_1_24' title="bbox 280 2261 2287 2324; baseline 0 -20"><span class='ocrx_word' id='word_1_255' title='bbox 280 2261 401 2304; x_wconf 86' lang='lat' dir='ltr'><strong>aliam</strong></span> <span class='ocrx_word' id='word_1_256' title='bbox 444 2264 616 2321; x_wconf 87' lang='lat' dir='ltr'><strong>patriam</strong></span> <span class='ocrx_word' id='word_1_257' title='bbox 660 2269 784 2322; x_wconf 87' lang='lat' dir='ltr'><strong>atque</strong></span> <span class='ocrx_word' id='word_1_258' title='bbox 827 2261 1094 2320; x_wconf 77' lang='lat' dir='ltr'><strong>Corimhum⁷</strong></span> <span class='ocrx_word' id='word_1_259' title='bbox 1145 2263 1265 2306; x_wconf 87' lang='lat' dir='ltr'><strong>aliam</strong></span> <span class='ocrx_word' id='word_1_260' title='bbox 1307 2270 1479 2306; x_wconf 87' lang='lat' dir='ltr'><strong>matrem</strong></span> <span class='ocrx_word' id='word_1_261' title='bbox 1514 2278 1564 2306; x_wconf 91' lang='lat' dir='ltr'><strong>ac</strong></span> <span class='ocrx_word' id='word_1_262' title='bbox 1596 2264 1837 2323; x_wconf 71' lang='lat' dir='ltr'><strong>Meropam,</strong></span> <span class='ocrx_word' id='word_1_263' title='bbox 1890 2264 2014 2308; x_wconf 88' lang='lat' dir='ltr'><strong>alium</strong></span> <span class='ocrx_word' id='word_1_264' title='bbox 2048 2270 2204 2324; x_wconf 88' lang='lat' dir='ltr'><strong>patrem</strong></span> <span class='ocrx_word' id='word_1_265' title='bbox 2238 2276 2287 2305; x_wconf 91' lang='lat' dir='ltr'><strong>ac</strong></span> 
     </span>
     <span class='ocr_line' id='line_1_25' title="bbox 277 2348 2285 2411; baseline -0 -18"><span class='ocrx_word' id='word_1_266' title='bbox 277 2348 481 2409; x_wconf 74' lang='lat' dir='ltr'><strong>Polybum</strong></span> <span class='ocrx_word' id='word_1_267' title='bbox 530 2364 585 2394; x_wconf 88' lang='lat' dir='ltr'><strong>ne</strong></span> <span class='ocrx_word' id='word_1_268' title='bbox 629 2353 863 2410; x_wconf 89' lang='lat' dir='ltr'><strong>suspicetur</strong></span> <span class='ocrx_word' id='word_1_269' title='bbox 908 2350 1071 2410; x_wconf 82' lang='lat' dir='ltr'><strong>quidem</strong></span> <span class='ocrx_word' id='word_1_270' title='bbox 1116 2357 1157 2395; x_wconf 84' lang='lat' dir='ltr'><strong>et</strong></span> <span class='ocrx_word' id='word_1_271' title='bbox 1201 2357 1335 2395; x_wconf 84' lang='lat' dir='ltr'><strong>tamen</strong></span> <span class='ocrx_word' id='word_1_272' title='bbox 1380 2350 1434 2395; x_wconf 90' lang='lat' dir='ltr'><strong>de</strong></span> <span class='ocrx_word' id='word_1_273' title='bbox 1478 2354 1710 2411; x_wconf 87' lang='lat' dir='ltr'><strong>praeteritis</strong></span> <span class='ocrx_word' id='word_1_274' title='bbox 1756 2358 1836 2395; x_wconf 89' lang='lat' dir='ltr'><strong>tam</strong></span> <span class='ocrx_word' id='word_1_275' title='bbox 1879 2351 1967 2396; x_wconf 84' lang='lat' dir='ltr'><strong>dira</strong></span> <span class='ocrx_word' id='word_1_276' title='bbox 2010 2358 2051 2395; x_wconf 86' lang='lat' dir='ltr'><strong>et</strong></span> <span class='ocrx_word' id='word_1_277' title='bbox 2100 2352 2285 2394; x_wconf 89' lang='lat' dir='ltr'><strong>ominosa</strong></span> 
     </span>
     <span class='ocr_line' id='line_1_26' title="bbox 275 2436 2286 2497; baseline -0 -17"><span class='ocrx_word' id='word_1_278' title='bbox 275 2436 464 2494; x_wconf 85' lang='lat' dir='ltr'><strong>proferat</strong></span> <span class='ocrx_word' id='word_1_279' title='bbox 497 2436 604 2481; x_wconf 90' lang='lat' dir='ltr'><strong>dicta</strong></span> <span class='ocrx_word' id='word_1_280' title='bbox 636 2440 851 2492; x_wconf 68' lang='lat' dir='ltr'><strong>nesciens,</strong></span> <span class='ocrx_word' id='word_1_281' title='bbox 885 2444 929 2482; x_wconf 90' lang='lat' dir='ltr'><strong>ut</strong></span> <span class='ocrx_word' id='word_1_282' title='bbox 961 2437 1170 2482; x_wconf 89' lang='lat' dir='ltr'><strong>auditores</strong></span> <span class='ocrx_word' id='word_1_283' title='bbox 1205 2437 1410 2482; x_wconf 89' lang='lat' dir='ltr'><strong>horrenda</strong></span> <span class='ocrx_word' id='word_1_284' title='bbox 1445 2441 1580 2482; x_wconf 89' lang='lat' dir='ltr'><strong>omnia</strong></span> <span class='ocrx_word' id='word_1_285' title='bbox 1614 2441 1845 2497; x_wconf 90' lang='lat' dir='ltr'><strong>concipiant</strong></span> <span class='ocrx_word' id='word_1_286' title='bbox 1880 2441 2046 2491; x_wconf 88' lang='lat' dir='ltr'><strong>animis;</strong></span> <span class='ocrx_word' id='word_1_287' title='bbox 2079 2440 2286 2494; x_wconf 87' lang='lat' dir='ltr'><strong>sapienter</strong></span> 
     </span>
     <span class='ocr_line' id='line_1_27' title="bbox 275 2525 2283 2584; baseline -0 -16"><span class='ocrx_word' id='word_1_288' title='bbox 275 2530 425 2582; x_wconf 73' lang='lat' dir='ltr'><strong>poeta,</strong></span> <span class='ocrx_word' id='word_1_289' title='bbox 475 2531 764 2584; x_wconf 88' lang='lat' dir='ltr'><strong>praeterquam</strong></span> <span class='ocrx_word' id='word_1_290' title='bbox 815 2526 925 2584; x_wconf 90' lang='lat' dir='ltr'><strong>quod</strong></span> <span class='ocrx_word' id='word_1_291' title='bbox 973 2528 1213 2569; x_wconf 88' lang='lat' dir='ltr'><strong>necessario</strong></span> <span class='ocrx_word' id='word_1_292' title='bbox 1263 2525 1361 2569; x_wconf 87' lang='lat' dir='ltr'><strong>facit</strong></span> <span class='ocrx_word' id='word_1_293' title='bbox 1410 2526 1694 2584; x_wconf 88' lang='lat' dir='ltr'><strong>proferentem</strong></span> <span class='ocrx_word' id='word_1_294' title='bbox 1737 2527 1848 2584; x_wconf 89' lang='lat' dir='ltr'><strong>quod</strong></span> <span class='ocrx_word' id='word_1_295' title='bbox 1899 2528 2021 2571; x_wconf 86' lang='lat' dir='ltr'><strong>sentit</strong></span> <span class='ocrx_word' id='word_1_296' title='bbox 2064 2525 2283 2582; x_wconf 69' lang='lat' dir='ltr'><strong>Oedipum,</strong></span> 
     </span>
     <span class='ocr_line' id='line_1_28' title="bbox 277 2608 2287 2671; baseline 0 -16"><span class='ocrx_word' id='word_1_297' title='bbox 277 2611 560 2657; x_wconf 82' lang='lat' dir='ltr'><strong>discriminatis</strong></span> <span class='ocrx_word' id='word_1_298' title='bbox 621 2615 662 2657; x_wconf 90' lang='lat' dir='ltr'><strong>in</strong></span> <span class='ocrx_word' id='word_1_299' title='bbox 712 2621 920 2658; x_wconf 89' lang='lat' dir='ltr'><strong>momento</strong></span> <span class='ocrx_word' id='word_1_300' title='bbox 970 2620 1051 2658; x_wconf 89' lang='lat' dir='ltr'><strong>tam</strong></span> <span class='ocrx_word' id='word_1_301' title='bbox 1101 2616 1222 2669; x_wconf 85' lang='lat' dir='ltr'><strong>gravi</strong></span> <span class='ocrx_word' id='word_1_302' title='bbox 1270 2608 1528 2671; x_wconf 80' lang='lat' dir='ltr'><strong>singulorum</strong></span> <span class='ocrx_word' id='word_1_303' title='bbox 1577 2615 1790 2659; x_wconf 81' lang='lat' dir='ltr'><strong>affectibus</strong></span> <span class='ocrx_word' id='word_1_304' title='bbox 1842 2614 2087 2670; x_wconf 86' lang='lat' dir='ltr'><strong>detectaque</strong></span> <span class='ocrx_word' id='word_1_305' title='bbox 2137 2612 2287 2671; x_wconf 89' lang='lat' dir='ltr'><strong>Oedipi</strong></span> 
     </span>
     <span class='ocr_line' id='line_1_29' title="bbox 275 2700 2287 2759; baseline 0.001 -17"><span class='ocrx_word' id='word_1_306' title='bbox 275 2701 475 2743; x_wconf 86' lang='lat' dir='ltr'><strong>caecitate</strong></span> <span class='ocrx_word' id='word_1_307' title='bbox 502 2702 622 2746; x_wconf 87' lang='lat' dir='ltr'><strong>animi</strong></span> <span class='ocrx_word' id='word_1_308' title='bbox 645 2700 839 2759; x_wconf 70' lang='lat' dir='ltr'><strong>providit,</strong></span> <span class='ocrx_word' id='word_1_309' title='bbox 873 2716 928 2746; x_wconf 89' lang='lat' dir='ltr'><strong>ne</strong></span> <span class='ocrx_word' id='word_1_310' title='bbox 962 2716 1019 2745; x_wconf 81' lang='lat' dir='ltr'><strong>ex</strong></span> <span class='ocrx_word' id='word_1_311' title='bbox 1053 2703 1250 2746; x_wconf 89' lang='lat' dir='ltr'><strong>ominosis</strong></span> <span class='ocrx_word' id='word_1_312' title='bbox 1283 2702 1374 2757; x_wconf 86' lang='lat' dir='ltr'><strong>ejus</strong></span> <span class='ocrx_word' id='word_1_313' title='bbox 1409 2702 1526 2747; x_wconf 88' lang='lat' dir='ltr'><strong>dictis</strong></span> <span class='ocrx_word' id='word_1_314' title='bbox 1561 2709 1603 2746; x_wconf 92' lang='lat' dir='ltr'><strong>et</strong></span> <span class='ocrx_word' id='word_1_315' title='bbox 1634 2704 1764 2746; x_wconf 89' lang='lat' dir='ltr'><strong>nostri</strong></span> <span class='ocrx_word' id='word_1_316' title='bbox 1797 2702 1915 2745; x_wconf 89' lang='lat' dir='ltr'><strong>animi</strong></span> <span class='ocrx_word' id='word_1_317' title='bbox 1948 2702 2171 2758; x_wconf 87' lang='lat' dir='ltr'><strong>praesagio</strong></span> <span class='ocrx_word' id='word_1_318' title='bbox 2201 2701 2287 2756; x_wconf 86' lang='lat' dir='ltr'><strong>jam</strong></span> 
     </span>
    </p>
   </div>
  </div>
 </body>
</html>
