2652 3317
1106 162 1560 225 &affl

326 331 349 361 a
384 315 595 361 Dindorfio
630 316 787 360 uncinis
820 315 983 360 inclusit
1014 314 1280 360 Wunderus:
1329 328 1413 360 non
1446 321 1584 371 recte,
1637 321 1680 359 ut
1718 314 1813 360 mihi
1852 314 2027 360 videtur.
2096 313 2200 359 Nam
2240 316 2336 361 sive

324 419 401 463 per
434 418 482 449 se
516 402 722 462 spectabis
756 416 951 458 versum,
1000 409 1168 461 praeter
1199 402 1403 447 modicam
1435 402 1624 446 lectionis
1658 405 1925 459 varietatem,
1978 404 2095 458 cujus
2131 404 2333 458 originem

324 491 584 535 Hermannus
619 504 675 534 ex
708 490 994 549 supplemento
1028 492 1225 545 metrico,
1261 503 1341 547 ego
1377 503 1434 533 ex
1465 491 1829 550 interpretamento
1863 491 2133 547 grammatico
2168 488 2332 544 derivo9

322 592 458 637 neque
491 580 532 621 in
565 577 731 633 verbis7
776 591 913 635 neque
945 580 986 621 in
1019 584 1249 633 structura,
1293 591 1429 636 neque
1466 579 1507 624 in
1540 579 1720 622 numeris
1754 580 1832 621 erit
1861 577 1946 623 ulla
1986 578 2161 623 offensio
2176 593 2190 639 ςἸ
2239 579 2332 621 sive

323 667 413 722 eJus
464 678 556 710 cum
604 664 950 725 praecedentibus
1000 671 1043 708 et
1090 664 1435 723 subsequentibus
1486 664 1788 734 cohaerentiam
1832 665 2145 720 considerabis,
2197 666 2330 708 omnia

322 750 486 797 videbis
519 752 755 811 procedere
787 752 1025 811 planissime
1057 765 1194 811 neque
1228 752 1438 796 abundare
1482 745 1702 810 quidquam
1746 753 1858 811 quod
1901 753 2056 800 abesse
2094 752 2237 806 malis,
2261 775 2264 778 μ
2288 751 2329 794 id

321 840 432 898 quod
460 837 691 884 accuratior
718 840 799 883 loci
824 841 1028 883 enarratio
1051 839 1215 883 abunde
1238 838 1473 884 declarabit.
1525 839 1709 898 Oedipus
1736 846 1953 899 postquam
1980 843 2020 883 in
2049 841 2329 898 suspicionem

319 929 463 984 regiae
497 926 637 971 caedis
672 926 873 971 adductus
908 933 996 982 est,
1040 940 1124 970 non
1156 928 1247 972 sine
1280 940 1431 984 magno
1466 926 1649 971 horrore*
1674 934 1817 973 versat
1849 930 1983 973 animo
2019 934 2061 971 et
2091 928 2327 986 praesentia

321 1020 362 1057 et
392 1013 530 1057 futura
562 1014 684 1068 mala,
719 1028 826 1072 quae
859 1013 937 1058 sibi
971 1020 1016 1057 ut
1042 1016 1205 1058 extorri
1231 1017 1342 1070 regis
1369 1014 1640 1069 interfectori,
1674 1021 1718 1058 ut
1737 1015 1941 1059 scelerato
1960 1017 2066 1071 regii
2081 1016 2326 1058 matrimonii

319 1102 502 1145 consorti
529 1102 724 1157 Jamnunc
756 1101 1025 1160 perpetienda
1059 1103 1139 1146 sint
1164 1114 1350 1159 quaeque
1377 1088 1569 1146 maheant
1594 1104 1726 1160 ipsum
1748 1103 1875 1147 multo
1902 1105 2125 1155 atrociora,
2160 1101 2326 1159 quando

315 1187 521 1245 profugus
555 1200 689 1244 regno
723 1200 860 1246 neque
894 1187 1042 1231 videre
1075 1200 1177 1233 suos
1209 1200 1344 1245 neque
1378 1190 1622 1244 contingere
1654 1191 1830 1247 patrium
1864 1189 1998 1234 solum
2031 1191 2187 1247 possit,
2227 1190 2325 1246 quin

317 1276 454 1318 matris
511 1288 559 1319 se
613 1277 760 1333 nuptiis
817 1276 1088 1318 commaculet
1137 1282 1178 1319 et
1226 1282 1383 1333 patrem
1432 1274 1639 1333 Polybum
1656 1308 1669 1329 7
1732 1278 1799 1333 qui
1854 1279 1986 1334 ipsum
2036 1278 2325 1333 procreaverit

316 1360 663 1421 educaveritque‚
713 1360 941 1406 interficiat„-
1014 1361 1131 1406 Haec
1173 1368 1218 1406 ut
1255 1369 1348 1408 suut
1389 1362 1558 1408 diversa
1592 1368 1633 1407 et
1666 1365 1883 1421 conjuncta
1918 1363 2062 1419 simul,
2113 1365 2168 1406 ita
2203 1364 2323 1406 etiam

316 1450 503 1493 oratione
538 1449 733 1506 disjungit
765 1456 806 1494 et
840 1451 1055 1507 conjungit
1086 1450 1205 1495 simul
1237 1452 1485 1509 interpositis
1519 1450 1910 1497 exclamationibus:

1237 1532 1310 1597 ἆρ’
1336 1538 1452 1597 ἔφυν
1482 1541 1647 1596 κακός;

312 1633 394 1678 quo
430 1623 665 1678 praesentia
698 1621 804 1664 mala
839 1628 881 1665 ut
914 1623 1072 1665 minora
1105 1622 1324 1677 concludit,
1359 1629 1401 1667 et

684 1703 761 1766 ἄρ’
792 1707 902 1764 οὐχὶ
933 1711 1027 1759 πᾶς
1057 1705 1272 1765 ἄναγνος;

311 1806 394 1850 quo
428 1793 479 1836 ad
512 1792 650 1836 futura
683 1793 812 1836 multo
847 1795 1054 1837 atrociora
1086 1794 1269 1837 traducit.
1333 1794 1427 1837 Jam
1460 1807 1643 1852 quaesm
1689 1808 1826 1838 nonne
1872 1797 1949 1838 erit
1982 1801 2318 1845 consentaneum,

308 1893 377 1923 res
412 1879 514 1923 duas
547 1886 670 1938 atque
705 1879 894 1923 diversas
929 1880 1086 1924 duabus
1119 1881 1315 1924 inducere
1347 1881 1539 1926 versibus

675 1970 741 2017 τίς
772 1966 911 2010 τοῦδέ
944 1967 987 2023 γ’
1019 1967 1192 2026 ἀνδρός
1224 1968 1375 2012 ἐστιν
1406 1968 1720 2028 ἁθλιώτερος;

676 2053 742 2101 τίς
772 2049 1109 2108 ἐχθροδαίμων
1138 2054 1320 2107 μᾶλλον
1349 2050 1420 2096 ἄν
1451 2058 1645 2110 γένοιτ’
1676 2054 1822 2112 ἀνήρς

307 2149 480 2193 quorum
513 2136 723 2194 posterior
756 2137 935 2180 continet
969 2138 1339 2193 exaggerationem
1372 2139 1551 2197 prioris,
1596 2146 1639 2183 ιιι
1672 2146 1765 2184 sunt
1798 2139 1932 2183 futura
1967 2138 2072 2183 mala
2109 2138 2311 2196 prioribus

306 2222 431 2266 multo
466 2224 692 2267 atrociora:
728 2222 937 2282 explicant
969 2224 1087 2268 simul
1119 2223 1159 2268 hi
1193 2223 1274 2268 duo
1308 2237 1461 2271 versus
1495 2228 1634 2286 priora

1205 2308 1329 2354 ἄλλα
1362 2311 1403 2355 δ’
1434 2311 1587 2357 ἄθλια

670 2396 749 2436 καὶ
782 2393 910 2436 δεινὰ
941 2397 1021 2437 καὶ
1051 2393 1254 2451 δύστηνα

304 2483 346 2520 ut
379 2479 478 2535 ipsis
512 2480 765 2537 respondent
797 2482 837 2524 in
872 2480 1135 2538 sequentibus
1169 2481 1284 2525 alteri

671 2561 746 2625 ἆρ’
780 2566 866 2611 οὐκ
897 2566 979 2611 ἀπ’
1008 2566 1140 2623 ὠμοῦ
1170 2571 1318 2612 ταῦτα
1350 2566 1572 2625 δαίμονός
1604 2585 1671 2621 τις
1702 2571 1760 2614 ἄν

669 2657 837 2709 κρίνων
868 2650 938 2695 ἐπ’
969 2650 1105 2711 ἀνδρὶ
1132 2651 1240 2711 τῴδ
1269 2650 1327 2697 ἄν
1358 2652 1532 2712 ὀρθοίη
1563 2655 1727 2715 λόγοις
