2652 3317
1101 172 1553 234 &lew

315 324 408 384 plus
444 336 537 366 eum
570 322 720 366 videre
754 323 993 379 credamus,
1044 337 1165 383 quam
1198 337 1302 369 vere
1335 324 1461 370 videt.
1535 325 1726 384 Denique
1769 339 1849 370 nec
1885 329 1926 372 in
1966 330 2131 385 verbis,
2173 343 2261 374 >nec
2293 331 2334 374 in

315 413 522 464 numeris,
573 423 711 469 neque
746 413 787 453 in
820 425 952 469 parva
985 411 1173 455 lectionis
1207 414 1409 456 varietate
1443 412 1568 456 video
1602 413 1728 455 ullum
1767 413 1985 471 indicium,
2036 417 2145 460 unde
2179 418 2275 461 esse
2308 431 2333 460 a

315 505 464 542 nasuto
510 498 648 554 aliquo
694 498 914 542 confictum
957 513 1126 543 versum
1160 502 1374 557 suspicer-3
1420 502 1621 543 sententia
1655 506 1793 543 autem
1827 504 2008 545 continet
2041 503 2148 546 haud
2181 506 2332 546 incon-

314 586 550 628 venientem
600 583 839 628 horrendae
890 587 951 628 rei
1002 588 1399 642 exaggerationem,
1462 587 1497 630 si
1547 588 1636 643 quis
1687 599 1806 640 eum,
1869 601 1894 630 a
1950 602 2033 646 quo
2090 596 2333 649 procreatus

313 674 597 729 educatusque
631 673 698 725 sit,
733 672 969 727 interficiat,
1002 674 1244 731 praesertim
1278 686 1402 729 quum
1435 686 1570 731 neque
1604 687 1680 730 per
1712 687 1761 717 se
1795 673 2017 718 absurdum
2050 676 2263 732 videatur,
2297 679 2333 721 si

311 764 352 805 in
387 762 517 819 patris
551 761 804 817 cogitatione
838 760 977 817 paullo
1013 760 1159 803 diutius
1194 773 1315 816 quam
1360 762 1400 803 in
1445 766 1574 803 matre
1618 765 1803 802 moretur
1837 738 2023 819 Oedipus
2067 770 2109 806 et
2154 777 2237 821 quo
2282 765 2333 808 sit

314 848 480 904 longius
514 846 719 905 producta
755 845 1005 890 antecedens
1040 846 1170 907 ῥῆσις
1204 853 1258 889 eo
1292 847 1346 890 sit
1380 848 1515 905 aptior
1548 852 1808 902 exaggerata
1853 853 1894 890 et
1933 862 2010 905 per
2043 849 2149 894 duos
2183 864 2332 894 versus

314 935 515 995 perducta
549 934 602 978 de
636 947 795 978 summa
829 933 920 977 talis
954 933 1124 977 hominis
1158 933 1400 978 infelicitate
1434 936 1647 979 sententia.

508 1019 749 1064 Simillimus
784 1026 848 1065 est
881 1034 1031 1066 versus
1067 1020 1158 1063 957
1193 1022 1235 1063 in
1269 1019 1437 1065 Electra
1466 1020 1605 1065 fabula
1634 1019 1893 1065 addubitatus
1922 1036 1946 1065 a
1975 1023 2069 1066 viro
2092 1023 2329 1068 doctissimo

315 1115 356 1153 ut
389 1108 443 1153 ab
478 1108 685 1152 histrione·
710 1106 899 1162 additus,
951 1109 991 1151 in
1036 1119 1117 1166 quo
1162 1106 1411 1151 vindicando
1456 1113 1551 1166 post
1595 1120 1644 1150 ea
1690 1121 1797 1165 quae
1840 1122 1966 1168 supra
2006 1108 2059 1152 de
2092 1108 2330 1154 histrionum

310 1194 691 1254 interpolationibus
727 1194 959 1253 disputavi,
1013 1208 1107 1238 esse
1157 1193 1331 1238 brevior
1381 1197 1557 1253 possim:
1607 1208 1753 1239 verum
1797 1209 1920 1253 quum
1963 1197 2030 1240 vir
2069 1196 2328 1241 doctissimus

310 1283 444 1327 nullas
480 1283 731 1341 suspicionis
767 1295 870 1325 suae
904 1294 1074 1325 caussas
1109 1280 1300 1337 attulerit,
1336 1283 1483 1325 iterum
1516 1280 1709 1325 tentanda
1742 1280 1837 1325 mihi
1871 1282 2096 1339 legentium
2135 1285 2329 1342 patientia

310 1377 386 1414 est.
457 1369 596 1422 Quare
630 1370 666 1414 si
699 1381 873 1412 versum
906 1381 990 1411 non
1024 1368 1147 1411 modo
1181 1381 1267 1411 non
1310 1374 1380 1412 aut
1418 1381 1801 1425 supervacaneum,
1853 1375 1923 1413 aut
1966 1370 2209 1424 molestum,
2261 1376 2329 1413 aut

309 1459 598 1510 invenustum,
650 1454 728 1499 sed
774 1468 872 1500 esse
918 1460 959 1498 et
991 1461 1144 1514 poetae
1178 1455 1352 1499 consilio
1388 1460 1431 1498 et
1463 1453 1657 1499 Electrae
1697 1454 1862 1499 affectui
1895 1458 2328 1501 convenientissimum

310 1545 679 1599 demonstravero,
744 1548 786 1586 et
835 1556 929 1586 meo
980 1556 1149 1586 munere
1199 1542 1419 1587 defunctus
1469 1555 1570 1596 ero,
1632 1548 1674 1586 et
1722 1542 1905 1588 sortasse
1961 1545 2082 1588 etiam
2133 1543 2328 1588 dubitanti

309 1631 545 1690 scrupulum
596 1643 810 1674 exemero.
900 1629 1030 1686 Igitur
1079 1629 1246 1674 Electra
1296 1629 1435 1673 audito
1487 1629 1625 1673 fratris
1674 1629 1897 1674 miserabili
1947 1632 2061 1674 exitu
2110 1636 2325 1689 postquam

306 1721 518 1775 ingentem
553 1718 743 1761 dolorem
775 1719 818 1760 in
851 1717 1116 1762 mollissimos
1151 1723 1318 1776 questus
1352 1717 1644 1776 lacrymasque
1679 1716 1844 1773 effudit,
1897 1720 2078 1762 extincto
2125 1717 2326 1762 destinato

305 1820 329 1848 a
365 1805 440 1850 diis
475 1810 675 1864 paternae
710 1804 851 1849 caedis
887 1804 1024 1848 ultore
1057 1806 1202 1861 ingens
1236 1804 1409 1859 mulier,
1455 1805 1639 1847 nimirum
1672 1805 1712 1847 in
1745 1810 1989 1849 accurrente
2022 1816 2172 1850 sorore
2204 1803 2325 1847 fidam

307 1899 348 1935 ut
383 1894 541 1951 putavit
573 1897 695 1934 nacta
730 1894 911 1946 sociam,
963 1893 1053 1950 ipsa
1087 1894 1126 1934 in
1160 1904 1207 1935 se
1240 1892 1385 1950 recipit
1418 1890 1666 1933 horrendum
1706 1891 1870 1935 ultionis
1903 1892 2169 1936 ministerium
2202 1890 2325 1948 idque

304 1982 441 2022 sorori
477 1981 619 2036 aperit.
671 1979 763 2020 ,Iam
797 1978 896 2021 vide
931 1980 1014 2020 vim
1048 1984 1218 2021 naturae
1252 1984 1293 2021 et
1327 1977 1532 2020 admirare
1560 1983 1711 2035 poetae
1728 1978 1938 2034 judicium.
1990 1978 2325 2020 Exsecraremur

302 2072 455 2109 tantam
489 2067 530 2108 in
564 2065 644 2109 filia
680 2071 804 2122 atque
839 2065 948 2108 adeo
984 2067 1025 2107 in
1058 2066 1229 2108 muliere
1264 2064 1573 2118 crudelitatem,
1625 2066 1658 2108 si
1697 2066 1883 2108 ultricem
1923 2078 2087 2108 manum
2123 2077 2172 2108 se
2205 2065 2322 2106 matri

303 2155 379 2212 ipsi
413 2152 617 2197 illaturam
651 2153 927 2211 profiteretur.
995 2151 1099 2197 Hinc
1127 2154 1213 2209 jam
1245 2152 1357 2197 nulla
1391 2153 1530 2197 matris
1564 2153 1736 2197 mentio:
1784 2152 1996 2197 derivatur
2041 2153 2172 2196 omnis
2205 2158 2250 2194 ut
2282 2152 2323 2194 in

302 2243 437 2284 animo
473 2240 668 2284 Electrae
702 2243 764 2284 sic
797 2242 837 2283 in
872 2254 1066 2285 sermone
1099 2241 1198 2284 ultio
1232 2243 1273 2285 in
1306 2242 1483 2284 invisum
1511 2242 1637 2297 patris
1664 2240 1972 2284 interfectorem
1993 2240 2322 2295 matrimoniique

304 2334 345 2371 et
378 2330 498 2383 regni
533 2334 741 2385 raptorem
775 2327 1039 2383 Aegisthum.
1108 2328 1239 2380 Quem
1273 2340 1522 2385 quamquam
1556 2329 1678 2370 etiam
1710 2341 1793 2370 non
1825 2329 2033 2370 nominato
2066 2328 2231 2369 nomine
2266 2338 2322 2367 ex

301 2415 441 2459 verbis
475 2417 556 2457 τὸν
587 2415 847 2472 αὐτόχειρα
876 2415 1131 2470 intelligebat
1164 2422 1370 2472 utcunque
1404 2426 1541 2467 soror,
1577 2420 1726 2468 tamen,
1761 2428 1885 2472 quum
1918 2414 2059 2458 caedis
2092 2412 2322 2470 perfectrix

303 2500 652 2560 Clytaemnestra,
687 2500 919 2558 Aegisthus
954 2500 1191 2547 administer
1224 2508 1380 2546 tantum
1412 2499 1646 2556 haberetur,
1679 2501 1868 2546 residere
1892 2499 2045 2559 aliquid
2064 2498 2320 2543 dubitationis

300 2591 339 2631 in
374 2590 510 2632 animo
547 2586 907 2647 CthSOthemidis
941 2594 1130 2647 poterat,
1179 2589 1291 2647 quod
1333 2593 1525 2645 quantum
1559 2587 1732 2632 officere
1764 2588 1961 2632 Electrae
1994 2585 2167 2630 consilio
2193 2587 2241 2628 'in
2273 2598 2320 2627 re

301 2677 543 2733 ceteroquin
578 2677 710 2725 atroci
747 2675 961 2730 debuerit,
1014 2682 1161 2736 sponte
1196 2681 1380 2735 apparet.
1449 2674 1592 2736 Itaque
1636 2689 1761 2733 quum
1795 2674 1957 2720 celandi
1991 2672 2127 2727 nulla,
2177 2677 2320 2730 aperte
