2652 3317
1104 162 1509 228 ‹ffltiffl›

422 360 425 367 ,
458 340 461 344 ·
493 318 743 379 Proscripsit
779 316 1020 363 Wundcrus
1062 330 1119 362 ex
1152 316 1315 378 Oedipo
1353 329 1461 374 rege
1492 329 1534 361 v.
1577 314 1620 360 8.
1654 314 1680 360 ὁ
1711 317 1832 360 πᾶσι
1862 316 2037 368 κλεινὸς
2075 312 2309 366 Οἰδίπους

296 407 581 463 καλούμενος
629 411 672 450 ut
720 405 778 451 ab
826 407 1057 464 interprete
1090 405 1236 464 aliquo
1276 407 1492 463 confictum
1524 417 1580 449 ex
1613 418 1655 451 v.
1690 405 1766 451 40.
1815 400 1855 449 ὦ
1885 409 2133 465 κράτιστον
2165 403 2310 448 πᾶσιν

301 494 506 541 Οἰδίπου
535 497 672 552 κάρα.

489 582 559 626 Ac
590 584 764 641 primum
798 580 962 639 quidem
991 594 1026 624 a
1060 594 1238 639 quonam
1282 579 1498 625 confictum
1541 581 1806 639 interprete-¹?
1872 580 1916 625 A
1960 586 2109 625 vetere
2142 581 2308 639 opinor,

296 671 374 715 nisi
406 683 513 714 vero
547 669 713 714 doctum
753 667 940 713 scholion
979 667 1296 712 Laurentianum
1327 681 1408 712 nec
1439 669 1726 723 invenustum,
1771 667 1885 726 quod
1918 667 2024 712 haec
2056 673 2226 713 annotat
2256 666 2312 711 de

293 757 375 802 hoc
415 770 569 802 versu:
634 753 848 807 πιθανῶς
888 754 939 799 δὲ
970 755 1023 798 τὸ
1063 752 1213 811 ὄνομα
1254 758 1341 799 τόυ
1386 754 1757 814 προλογίζοντος
1796 753 2038 813 ἐδήλωσεν.
2101 752 2206 811 ἅμα
2255 752 2308 798 δὲ

294 846 373 889 καὶ
404 843 470 896 εἰς
500 842 755 899 ἐπιθυμίαν
787 847 917 902 φέρει
947 845 1029 887 τὸν
1059 842 1241 900 θεατὴν
1270 844 1363 887 τῶν
1391 845 1496 901 περὶ
1527 845 1612 888 τοῦ
1637 842 1911 899 Οἰδίποδος,
1943 858 2042 890 esse
2069 844 2309 889 confectum

293 933 346 979 ab
397 933 534 992 aliquo
583 932 745 977 infimae
796 933 939 977 aetatis
990 931 1149 988 sciolo,
1205 946 1326 991 quam
1370 947 1395 977 a
1439 932 1622 992 Didymo
1667 933 1739 978 vel
1783 933 1911 978 multo
1959 933 2190 991 antiquiore
2224 932 2308 974 *aut

294 1019 541 1067 Aristarcho
574 1025 646 1063 aut
678 1019 961 1078 Aristophane
993 1019 1199 1079 Byzantio
1235 1019 1376 1064 males.
1416 1019 1502 1064 ‘At
1543 1033 1628 1064 non
1672 1021 1749 1065 fuit
1791 1027 1982 1066 veterum
2017 1018 2180 1064 illorum
2214 1030 2305 1062 mos

294 1108 532 1152 criticorum
564 1113 688 1165 atque
720 1108 986 1166 interpretum
1018 1108 1141 1151 novis
1174 1106 1369 1152 versibus
1403 1120 1581 1151 onerare
1615 1109 1840 1168 scriptores
1873 1120 1974 1153 suos
2019 1119 2141 1165 quam
2174 1104 2307 1151 obelis

292 1194 505 1251 configere
538 1199 731 1252 suspecta
764 1196 916 1252 potiuS‚
949 1199 994 1237 ut
1026 1200 1199 1253 apparet
1233 1208 1288 1237 ex
1320 1193 1480 1238 scholio
1513 1194 1636 1238 Laur.
1672 1195 1723 1238 ad
1748 1194 1852 1238 Oed.
1876 1193 1969 1238 Col.
1988 1207 2028 1237 v.
2053 1192 2148 1237 237
2173 1198 2215 1235 et
2247 1205 2306 1235 ex

292 1281 462 1341 Didymi
487 1283 750 1326 annotatione
769 1281 820 1325 ad
838 1281 935 1325 Ant.
954 1295 995 1325 v.
1015 1280 1091 1325 45.
1154 1281 1301 1334 Quidni
1320 1283 1448 1338 igitur
1470 1296 1567 1327 esse
1589 1283 1744 1327 illatum
1768 1282 1820 1326 ab
1844 1280 2041 1327 histrione
2053 1279 2307 1326 statuamus?

295 1368 419 1422 Quod
450 1367 616 1427 quidem
650 1381 747 1413 esse
780 1368 933 1412 factum
966 1369 1008 1412 in
1029 1362 1229 1428 Euripide
1262 1374 1302 1412 ct
1333 1370 1521 1428 potuisse
1553 1369 1643 1414 fieri
1675 1371 1716 1414 in
1750 1369 1840 1415 aliis
1873 1381 2056 1428 quoque,
2088 1373 2308 1427 postquam

300 1454 606 1500 Valckenarius
641 1461 684 1498 et
713 1454 953 1498 Boeckkius
986 1454 1341 1511 demonstrarunt,
1387 1455 1629 1500 incredibile
1662 1463 1752 1512 est,
1798 1461 1991 1515 quantum
2024 1454 2189 1513 quidam
2223 1452 2306 1497 hoc

290 1544 331 1586 in
374 1554 533 1598 genere
577 1554 690 1585 suae
724 1541 796 1585 vel
841 1543 1059 1598 sagacitati
1103 1541 1176 1585 vel
1219 1542 1409 1585 licentiae
1452 1515 1705 1587 indulserint.
1793 1543 1853 1587 At
1907 1544 2123 1585 enimvero
2179 1554 2305 1598 quum

291 1628 495 1688 Didymus
512 1627 593 1672 hoc
617 1626 670 1671 de
687 1626 886 1687 Euripide
910 1629 1078 1688 saepius
1103 1628 1325 1685 affirmarit,
1366 1628 1418 1672 ad
1443 1628 1693 1689 Sophoclem
1717 1629 1815 1674 illud
1838 1642 2046 1688 nunquam
2070 1628 2303 1672 annotavit:

290 1722 335 1760 ut
382 1717 604 1760 invitarunt
652 1722 825 1772 argutae
882 1722 923 1759 et
972 1719 1251 1771 sententiosas
1299 1716 1508 1776 Euripidis
1558 1717 1703 1761 Musae
1759 1717 1939 1761 fecunda
1989 1722 2032 1760 et
2080 1716 2303 1775 praecocia

288 1806 469 1862 ingenia,
504 1809 547 1847 ut
580 1803 768 1847 facerent
801 1805 948 1848 virium
981 1818 1147 1849 suarum
1179 1804 1429 1864 periculum,
1465 1811 1608 1849 contra
1642 1805 1838 1849 decentes
1874 1803 2097 1864 Sophoclis
2132 1802 2302 1847 Gratiae

290 1906 317 1936 a
349 1898 494 1937 sancto
539 1904 617 1936 suo
664 1904 842 1949 corpore
885 1892 1031 1949 procul
1075 1892 1283 1935 hominum
1325 1899 1620 1951 protervorum
1663 1894 2018 1952 intemperantiam
2061 1891 2302 1936 habuerunt.

290 1978 496 2031 Quocirca
530 1991 652 2035 quum
686 1977 763 2020 hac
796 1979 837 2020 in
871 1991 919 2020 re
952 1977 1152 2022 fuerimus
1185 1992 1363 2035 sagaces
1398 1985 1440 2022 et
1472 1982 1709 2038 suspicaces
1742 1982 1908 2023 nimium
1942 1979 2026 2033 diu,
2056 1980 2143 2034 jam
2176 1980 2304 2022 simus

286 2065 532 2125 aliquamdiu
576 2064 646 2109 vel
692 2064 851 2108 creduli
894 2064 965 2108 vel
1008 2065 1114 2109 tardi
1146 2067 1309 2124 potius,
1362 2065 1400 2110 h.
1436 2080 1472 2110 e.
1520 2069 1643 2110 certis
1687 2068 2015 2125 incorruptisque
2059 2067 2301 2110 testimoniis

285 2150 380 2209 plus
413 2150 636 2195 tribuamus
671 2165 791 2209 quam
824 2153 974 2195 nostris
1010 2152 1269 2210 opinionibus
1303 2159 1373 2197 aut
1406 2153 1717 2212 suspicionibus.
1785 2155 1887 2199 Post
1925 2153 2030 2197 hanc
2064 2154 2300 2196 universam

287 2237 602 2296 disputationem
637 2245 679 2282 ut
708 2240 795 2294 jam
827 2240 917 2297 ipsa
950 2239 1155 2283 Wunderi
1200 2246 1441 2296 argumenta
1484 2243 1633 2300 partim
1673 2255 1696 2284 a
1737 2240 1958 2298 Sophoclis
2004 2238 2300 2284 consuetudine

285 2326 324 2368 in
358 2324 550 2384 prologis
582 2338 666 2369 non
701 2339 947 2384 quemquam
980 2340 1098 2370 suum
1131 2328 1265 2385 ipsum
1298 2327 1559 2385 profitentem
1593 2341 1744 2372 nomen
1789 2327 2046 2383 inducentiS‚
2097 2326 2239 2386 partim
2274 2338 2299 2367 a

287 2418 466 2456 venusto
512 2418 554 2455 et
598 2412 758 2456 decoro
804 2416 929 2471 petita
974 2416 1253 2458 excutiamus:
1303 2416 1337 2458 si
1387 2416 1556 2473 prologi
1601 2422 1768 2474 praeter
1812 2422 1954 2459 cetera
1998 2415 2076 2458 hae
2119 2414 2299 2455 maxime

287 2505 427 2556 partes
461 2506 570 2555 sunt,
606 2500 887 2558 spectantibus
920 2507 964 2544 ut
998 2516 1022 2545 a
1056 2503 1254 2560 principio
1289 2504 1423 2547 statim
1456 2501 1624 2547 fabulae
1658 2509 1701 2546 et
1727 2503 1848 2547 locus
1876 2509 1918 2546 et
1938 2515 2157 2560 personae,
2192 2514 2300 2558 qnae

283 2586 441 2642 primae
474 2586 695 2645 prodeunt,
729 2594 855 2631 notae
889 2590 986 2641 sint3
1021 2600 1266 2646 quamquam
1299 2589 1340 2632 in
1373 2595 1515 2634 nostra
1547 2589 1688 2633 fabula
1723 2592 1791 2648 qui
1824 2591 1938 2648 primi
1971 2593 2222 2647 spectarent5
2256 2593 2302 2630 ut

286 2676 426 2716 cetera
460 2678 635 2730 taceam,
670 2675 815 2733 partlm
851 2689 906 2718 ex
940 2688 1094 2719 scenae
1128 2677 1378 2720 institutione
1414 2683 1454 2720 et
1490 2679 1789 2732 exornatione,
1824 2677 1966 2735 partim
2000 2689 2057 2718 ex
2090 2673 2301 2718 histrionis
