2652 3317
1090 171 1548 235 &lomi

305 322 471 382 aliquid
513 322 789 382 praedixisse
838 322 1091 382 Apollinem.
1184 310 1317 377 Quem
1373 324 1528 370 nollem
1584 324 1821 384 scrupulum
1878 328 1944 371 vir
2000 340 2182 373 summus
2232 328 2325 371 viro

305 411 578 468 sagacissimo
612 411 849 467 injecisset;
881 424 977 455 nam
1000 412 1036 456 is
1059 416 1105 455 ut
1129 417 1194 457 est
1218 411 1695 471 pronus-admutaudum
1712 415 1899 458 correxit
1933 420 1977 458 ut
2003 415 2093 473 ipse
2119 414 2228 470 dicit,
2263 427 2330 458 me

301 497 443 552 judice
499 499 680 555 corrupit
726 498 919 555 optimam
960 497 1198 542 lectionem-
1217 499 1386 542 invecto
1418 498 1725 543 Hermanniauo
1759 497 2051 560 προῦφηνεν,
2096 500 2204 561 quod
2236 503 2327 560 ipse

305 586 598 642 interpretatur
631 586 787 641 effatus
822 589 901 638 est,
938 584 1098 639 edidit,
1133 585 1393 644 προύφάνη
1425 599 1585 642 negans
1619 585 1854 643 significare
1887 593 2085 645 repertus
2124 593 2201 632 est.
2268 589 2327 632 At

304 670 386 714 hoc
417 685 471 714 ne
503 672 635 715 voluit
668 671 832 728 quidem
863 679 1001 729 poeta.
1069 672 1181 715 Dicit
1213 671 1397 730 Oedipus
1428 673 1649 718 locastae:
1678 672 1897 730 pungebat
1928 688 1993 717 me
2016 679 2184 730 jactum
2211 677 2327 718 *inter

306 759 446 801 vinnm
478 758 532 801 de
564 770 661 801 mea
694 760 860 815 oriyine
893 759 1143 801 conuicium:
1177 759 1334 815 itaque·
1358 759 1468 803 clam
1486 764 1624 817 patre
1657 764 1700 803 ει
1731 764 1869 803 matre
1902 760 2078 804 adibam
2109 763 2326 805 oraculum

311 844 561 902 Delphicum
573 876 586 898 ,
633 849 679 887 ut
722 857 868 888 veram
910 845 1114 901 oriqinem
1158 846 1436 902 exquirerem.
1514 846 1576 889 At
1619 845 1723 890 deas
1761 850 1941 904 propter
1984 848 2097 904 quod
2128 863 2325 892 veneram

305 931 420 974 nullo
455 944 519 973 me
552 945 756 990 responso
797 931 964 989 diqnum
987 931 1145 986 duxit,
1191 936 1344 976 contra
1376 933 1469 979 alia
1498 933 1739 988 horrenda,
1784 934 1941 978 misera
1976 938 2018 979 ει
2061 935 2324 980 miserabilia

305 1018 565 1076 aperte
583 1019 656 1066 el
660 1017 1058 1078 propalam
1074 1018 1329 1077 προύφάνη
1346 1021 1492 1077 λέγων
1509 1023 1699 1067 elocutus
1717 1025 1794 1065 est.
1828 1020 1967 1065 Potuit
1989 1023 2128 1080 utique
2142 1023 2323 1082 Oedipus

307 1123 399 1152 eam
427 1110 637 1152 notionem
665 1108 895 1152 transferre
923 1114 993 1151 aut
1013 1108 1066 1151 ad
1094 1122 1182 1152 rem
1206 1114 1248 1152 et
1271 1108 1411 1152 dicere
1432 1110 1652 1169 προφανῆ
1674 1107 1823 1164 ἔλεξεν
1846 1112 2000 1167 aperta
2024 1107 2147 1164 dixit,
2183 1116 2251 1154 aut
2273 1110 2325 1154 ad

306 1197 511 1238 actionem
556 1194 604 1237 ἐκ
639 1196 913 1255 προφανόυς
946 1196 1117 1251 ἔλεξεν,
1161 1194 1233 1237 vel
1278 1196 1524 1250 conjunctim
1569 1194 1719 1237 efferre
1753 1189 2048 1254 προῦφηνεν;
2094 1196 2171 1239 sed
2217 1210 2322 1253 quae

308 1288 375 1326 est
418 1283 481 1325 rei
527 1281 707 1325 conditio
748 1306 800 1312 --
840 1279 1088 1323 horrendum
1133 1279 1357 1325 admissum
1400 1281 1563 1335 scelus,
1613 1282 1748 1338 spissa
1792 1286 1943 1323 tectum
1994 1281 2196 1337 caligine3
2248 1283 2322 1327 sed

308 1367 418 1426 quod
453 1367 714 1413 dilucescere
743 1369 913 1424 jamJam
947 1368 1112 1424 incipiat
1146 1391 1204 1399 ——
1255 1367 1403 1426 Oedipi
1436 1369 1560 1411 menti
1601 1366 1730 1412 densa
1770 1365 1949 1411 obducta
1981 1381 2093 1422 nox3
2138 1368 2212 1413 sed
2247 1382 2323 1427 per

308 1469 429 1512 quam
490 1454 698 1512 dispicere
753 1455 924 1510 jamjam
973 1453 1224 1498 horrendum
1274 1453 1373 1497 illud
1422 1467 1505 1497 non
1561 1455 1651 1497 sine
1702 1452 1864 1497 occulto
1916 1453 2096 1511 quodam
2146 1453 2321 1498 horrore

307 1544 473 1600 incipiat
523 1568 574 1573 —
625 1542 802 1599 denique
852 1542 1036 1600 Apollo,
1087 1543 1202 1598 cnjus
1248 1548 1341 1585 sunt
1383 1543 1623 1599 potissimae
1668 1547 1806 1601 partes
1849 1542 1891 1583 in
1936 1541 2192 1585 recludendo
2228 1542 2318 1587 diro

305 1629 635 1673 Labdacidarum
667 1629 783 1684 fato,
829 1632 871 1673 in
904 1644 984 1685 eo,
1030 1629 1140 1687 quod
1173 1632 1282 1673 scire
1316 1629 1449 1673 uoluit
1482 1628 1691 1687 Oedipus,
1739 1629 1927 1672 obscuris
1966 1643 2064 1673 sese
2097 1629 2321 1673 involvens

305 1717 503 1771 latebris,
549 1723 692 1760 contra
726 1720 768 1760 in
801 1718 894 1761 aliis
927 1717 1079 1771 rebus,
1125 1717 1308 1772 disjectis
1340 1717 1569 1760 involucris
1604 1717 1753 1773 palam
1787 1720 1829 1759 ει
1861 1721 2013 1773 aperte
2039 1708 2244 1774 prodieris
2276 1719 2322 1759 in

305 1806 439 1847 lucem
472 1819 528 1848 aa
559 1805 704 1847 nullis·
720 1804 876 1847 nubilis
908 1804 1094 1847 velatam
1122 1806 1280 1861 faeiem
1314 1803 1539 1846 ostendens
1572 1808 1701 1860 atque
1728 1805 1791 1846 sic
1814 1804 2056 1859 saiw-Iovis
2082 1804 2318 1847 recludens.

306 1891 424 1935 Haec
474 1891 542 1934 dei
592 1891 725 1935 facies
774 1898 899 1948 atque
932 1893 1123 1949 'persona
1167 1893 1257 1948 ipsa
1301 1890 1548 1934 obversatur
1592 1890 1753 1947 Oedeo
1798 1889 1852 1933 oh
1898 1890 2045 1934 oculos
2089 1892 2130 1932 in
2183 1902 2319 1946 eoque

306 1978 445 2022 defixa
494 1984 581 2022 tota
630 1992 747 2022 mens
793 1984 857 2022 est
906 1978 958 2022 ad
1002 1980 1219 2036 ipsumque
1263 1977 1392 2021 refert
1447 1977 1559 2034 quod
1607 1979 1739 2021 minus
1791 1975 1859 2020 dei
1908 1978 2072 2020 numine
2128 1976 2318 2035 impletus

306 2065 490 2123 Oedipus
537 2071 579 2110 et
611 2072 739 2124 poeta
783 2067 915 2111 minus
955 2067 1105 2123 opinor
1148 2067 1315 2123 poetice
1359 2063 1412 2108 ad
1455 2078 1544 2109 rem
1587 2066 1874 2122 actionemque
1919 2071 1961 2108 et
2001 2064 2112 2108 effati
2151 2063 2316 2108 modum

304 2153 524 2197 retulisset.
591 2152 692 2197 Post
724 2152 829 2197 haec
863 2155 899 2198 si
927 2154 1013 2209 Jam
1047 2154 1349 2197 correctionem
1376 2150 1646 2213 προῦφηνεν
1673 2153 1905 2195 excutimus
1921 2153 2318 2208 interpretamurque

304 2246 349 2283 ut
399 2239 499 2304 fecit
548 2240 640 2296 ipse
692 2240 847 2296 effatus
898 2243 986 2293 est,
1040 2238 1198 2291 edidit,
1249 2252 1332 2281 non
1378 2237 1592 2295 quidquam
1637 2237 1844 2281 lucramur
1887 2237 2061 2295 amplius
2094 2238 2174 2281 nisi
2208 2236 2318 2294 quod

305 2326 475 2370 ethbet
509 2326 635 2370 multo
670 2326 841 2382 fortius,
877 2332 921 2370 ut
954 2327 1128 2383 opinor,
1173 2326 1301 2378 lectio
1334 2325 1546 2380 codicum,
1582 2327 1645 2369 sin
1678 2330 1723 2369 ut
1754 2324 2013 2369 Hermannus
2053 2326 2317 2382 improvisum

305 2420 345 2458 et
401 2416 738 2472 inexspectatum
789 2414 1045 2472 praedixit,
1112 2427 1196 2458 non
1251 2413 1415 2457 videtur
1469 2419 1683 2470 utrumque
1738 2412 1857 2457 simul
1912 2419 1953 2456 et
2008 2413 2221 2469 improvisi
2277 2418 2317 2454 et

296 2500 578 2560 praedicendi
637 2504 847 2545 notionem
909 2500 1265 2558 comprehendere
1325 2497 1590 2559 προῦφηνεν
1639 2514 1795 2559 posse,
1856 2499 1933 2545 sed
1997 2499 2169 2543 alterum
2220 2513 2316 2543 esse

302 2589 642 2647 relinquendum7
695 2604 744 2634 ac
790 2604 856 2633 me
902 2588 1066 2647 quidem
1111 2589 1273 2646 fateor,
1328 2601 1448 2645 quum
1492 2594 1641 2646 sponte
1686 2601 1840 2647 sequor
1885 2588 2083 2632 orationis
2129 2592 2315 2641 tractum,
