2652 3317
1094 240 1504 305 Ἡλίω

477 393 688 440 Vindicius
721 393 905 455 superbo
939 393 1056 438 titulo
1091 408 1214 454 quum
1247 394 1322 440 has
1355 393 1567 441 subsecivi
1600 395 1797 455 temporis
1824 406 1959 451 nugas
1984 394 2184 452 inscribo,
2217 408 2300 441 non

280 495 455 538 vereor,
487 496 543 527 ne
576 484 668 541 quis
702 481 849 527 credat
880 482 995 526 velle
1029 495 1096 525 me
1129 488 1261 526 totum
1295 481 1465 541 aliquod
1500 495 1606 541 opus
1639 482 1721 526 alio
1755 481 1833 527 sub
1865 483 2031 527 nomine
2065 483 2178 543 quod
2211 485 2301 527 cir-

198 561 199 564 *
280 569 533 613 cumferatur
565 577 635 613 aut
667 570 943 626 abjudicatum
977 568 1119 612 divino
1152 575 1306 628 poetae
1339 572 1392 614 sit
1422 568 1659 613 vindicare:
1693 575 1845 613 tantam
1879 582 1962 626 ego
1995 583 2080 614 non
2112 572 2295 630 suscipio

278 655 602 713 professionem,
636 670 730 711 nec,
765 657 801 701 si
833 658 1108 715 susciperem,
1143 658 1346 700 sustinere
1379 669 1565 715 possem,
1599 655 1725 699 homo
1759 661 1871 699 tanto
1904 670 1985 699 nec
2017 658 2186 714 ingenio
2220 671 2301 702 nec

279 742 488 797 doctrina3
538 742 616 788 sed
659 749 754 788 sunt
799 742 1002 802 quaedam
1046 742 1285 788 scholastici
1329 742 1503 788 hominis
1550 742 1603 787 de
1636 742 1809 799 singulis
1843 741 2067 802 Sophoclis
2101 744 2297 790 versibus

278 829 349 874 vel
383 829 524 875 verbis
558 844 582 874 a
616 832 718 876 viris
753 830 887 876 doctis
921 830 993 875 vel
1027 829 1274 875 addubitatis
1307 830 1380 875 vel
1414 831 1559 887 ejectis
1603 829 1674 875 vel
1707 831 1871 875 mutatis
1911 833 2297 887 commentationes,

279 930 386 974 quae
432 922 476 960 ut
519 923 614 961 sunt
657 923 782 961 natae
826 920 934 962 inter
978 917 1176 963 subsellia
1228 916 1518 976 discipulorum
1561 918 1617 961 ita
1665 916 1744 962 sibi
1787 930 1842 961 ne
1887 923 2089 977 expetunt
2133 918 2298 977 quidem

276 1003 458 1047 lectores
500 1003 607 1048 alios
640 1005 719 1048 nisi
761 1003 1013 1063 discipulos,
1063 1009 1108 1047 ut
1153 1005 1233 1048 sint
1274 1002 1518 1048 abeuntibus
1563 1002 1671 1047 haud
1714 1004 1875 1060 ingrata
1920 1008 2160 1049 contractae
2204 1018 2297 1049 cum

275 1091 533 1142 sanctissimo
578 1097 706 1149 poeta
754 1091 1037 1135 familiaritatis
1087 1090 1349 1145 recordatio,
1411 1090 1719 1135 remanentibus
1762 1095 1809 1134 et
1848 1103 1952 1134 mox
1994 1090 2295 1136 accedentibus

274 1176 382 1220 haud
432 1177 584 1221 inutilis
633 1177 814 1222 fortasse
863 1179 1084 1222 institutio:
1147 1176 1343 1236 quidquid
1392 1183 1612 1236 praeterea
1662 1176 2014 1236 comprobationis
2060 1178 2134 1222 vel
2183 1178 2294 1238 apud

275 1263 565 1308 dilectissimos
599 1265 813 1321 collegas,
859 1265 931 1309 vel
965 1264 1077 1323 apud
1109 1264 1279 1308 scholae
1313 1270 1540 1322 patronos,
1586 1263 1794 1323 ephoros,
1838 1264 2025 1308 fautores
2064 1266 2293 1318 invenient,

272 1350 314 1394 id
348 1364 472 1396 omne
505 1353 546 1395 in
578 1351 697 1395 lucro
728 1351 991 1410 deputabunt.

467 1437 554 1482 Has
586 1444 634 1482 ut
666 1437 916 1483 scholastica
948 1440 1173 1497 scriptione
1194 1439 1381 1482 minutias
1405 1437 1591 1494 ederem,
1625 1440 1757 1483 movit
1778 1451 1846 1482 me
1868 1439 2051 1482 maxime
2074 1436 2292 1493 Wunderi,

271 1526 350 1567 viri
384 1524 612 1569 doctissimi
644 1526 1014 1582 sagacissimque,
1052 1526 1108 1568 >in
1150 1524 1372 1568 factitanda
1415 1523 1639 1583 Sophoclis
1684 1525 1828 1568 critice
1866 1523 2065 1568 audacia:
2116 1526 2292 1583 quaesi

269 1616 420 1669 perget
452 1617 497 1654 ut
528 1613 705 1669 incepit,
749 1611 990 1655 habebimus
1026 1610 1228 1670 denique,
1272 1610 1387 1668 qnod
1417 1612 1510 1666 ejus
1543 1623 1650 1669 paee
1678 1610 1887 1666 dixerim,
1932 1609 2188 1669 Sophoclem
2234 1624 2291 1654 ex

270 1698 357 1741 suis
402 1710 655 1756 suorumque
700 1699 926 1742 amicorum
969 1699 1222 1754 conjecturis
1267 1697 1497 1741 confictum.
1581 1697 1700 1750 Quae
1750 1698 1786 1742 si
1829 1684 2034 1742 scriberet
2077 1703 2120 1740 ut
2164 1696 2289 1741 multa

269 1786 370 1829 viris
415 1785 549 1828 doctis
562 1816 577 1840 ,
626 1788 792 1829 tacitam
836 1786 969 1829 ferret
1011 1785 1239 1841 legentium
1281 1791 1358 1839 aut
1396 1784 1777 1843 comprobationem
1822 1791 1893 1828 ant
1924 1784 2289 1843 improbationem:

269 1878 311 1915 at
343 1871 486 1917 scribit
516 1872 691 1931 publicis
724 1872 999 1917 scholasticae
1028 1874 1256 1928 juventutis
1287 1871 1536 1916 lectionibus
1570 1877 1612 1916 et
1643 1873 1868 1928 magistris,
1885 1896 1887 1899 ·
1903 1871 2052 1930 quibus
2083 1885 2206 1930 quum
2239 1873 2292 1916 sit

267 1961 447 2016 injuncta
491 1962 723 2005 necessitas
774 1959 1063 2019 interponendi
1108 1959 1276 2015 judicii,
1334 1965 1500 2017 reputet
1548 1961 1664 2017 ipse,
1716 1974 1839 2018 quam
1887 1962 2059 2018 insuper
2107 1961 2290 2017 imponat

268 2049 560 2091 necessitatem
583 2053 652 2090 aut
670 2047 836 2102 jurandi
857 2049 899 2090 in
921 2048 1051 2105 ipsius
1074 2046 1222 2101 verba,
1252 2045 1365 2103 quod
1381 2052 1495 2089 vetat
1523 2047 1694 2100 veritas,
1723 2051 1793 2089 aut
1814 2046 2010 2091 stultitiae
2038 2045 2291 2104 suscipiendi

264 2135 528 2189 ignominiam
562 2135 680 2189 (nam
715 2147 767 2177 ea
800 2133 899 2177 fere
927 2139 1026 2177 nota
1059 2133 1188 2177 afficit
1220 2132 1510 2177 adversantem
1543 2133 1813 2188 sententiam)
1827 2163 1841 2188 ,
1888 2139 1957 2177 aut
1974 2110 2213 2189 *regerendi
2246 2133 2287 2175 in

267 2226 480 2263 auctorem
525 2221 658 2278 ipsum
673 2252 686 2274 .‚
743 2232 919 2278 quorum
954 2225 1152 2264 vneutrum
1201 2219 1283 2263 fert
1321 2225 1397 2263 aut
1439 2218 1575 2277 pudor
1617 2221 1905 2278 praeceptoris
1949 2225 2019 2263 aut
2057 2220 2288 2275 juventutis

265 2306 531 2350 verecundia.
599 2306 742 2364 Itaque
787 2306 943 2351 obnixe
988 2297 1072 2362 ego
1118 2319 1212 2350 cum
1255 2305 1390 2351 multis
1433 2311 1624 2363 rogatum
1657 2307 1792 2350 virum
1827 2305 2108 2351 doctissimum
2139 2304 2284 2359 velim,

265 2398 307 2436 ut
339 2395 381 2437 in
414 2395 491 2448 iis,
537 2407 644 2452 quae
678 2393 853 2452 posthac
886 2394 939 2438 de
974 2393 1196 2452 Sophoclis
1235 2392 1385 2438 fabulis
1427 2399 1751 2448 commentetur,
1801 2392 1947 2438 redeat
1985 2392 2039 2437 ad
2070 2393 2282 2451 pristinam

264 2480 619 2534 moderationem,
660 2487 739 2524 -aut
790 2481 992 2524 abstineat
1040 2480 1188 2525 saltem
1238 2479 1445 2523 horrenda
1494 2480 1565 2523 illa
1609 2456 1923 2539 proscriptionis
1964 2479 2169 2534 formula,
2230 2492 2284 2523 ne

265 2567 443 2611 exulare
487 2570 641 2612 sensim
686 2567 926 2612 utilissimae
971 2569 1062 2624 ejus
1102 2567 1303 2612 editiones
1342 2581 1399 2610 ex
1433 2566 1586 2613 scholis
1625 2568 1841 2626 incipiant,
1893 2581 1997 2627 quas
2039 2579 2148 2612 nunc
2191 2580 2284 2611 cum

262 2656 443 2697 maximo
479 2654 722 2698 discentium
755 2653 892 2698 fructu
926 2653 1110 2698 obtinent
1144 2666 1276 2712 prope
1311 2667 1468 2698 omnes.
