2652 3317
1096 172 1554 239 *mil*

308 328 485 380 similem
518 330 586 385 ei,
630 328 793 388 qualem
826 342 953 388 snpra
984 328 1156 373 Jocasta
1186 327 1335 375 Laium
1366 329 1663 387 significasset:
1714 328 1767 373 ab
1805 328 1867 375 his
1908 344 1958 376 se
1992 344 2089 377 esse
2122 331 2329 376 violenter

312 417 578 461 exturbatum
611 418 697 472 via,
732 429 814 474 quo
848 416 962 460 facto
996 430 1044 461 se
1076 418 1224 459 iratum
1256 417 1424 475 plagam
1455 417 1657 461 inflixisse
1680 418 1867 473 aurigae.
1915 418 2125 464 Hactenus
2141 424 2330 478 poterant

311 503 447 548 videri
479 518 557 563 par
588 505 677 562 pari
709 503 902 548 retulisse
936 505 990 547 ita
1023 509 1186 559 tamen,
1231 508 1276 547 ut
1307 505 1376 561 qui
1409 503 1682 557 ulcisceretur
1714 504 1931 561 injuriam,
1966 508 2206 562 graviorem
2239 507 2329 564 ipse

310 591 494 635 inferret.
561 589 656 635 Non
691 591 933 636 decesserat
967 590 1153 650 Oedipus
1189 590 1242 634 de
1276 592 1382 639 viaz,
1421 591 1631 649 extemplo
1677 590 1816 647 dejicit
1861 605 1956 635 eum
1996 596 2167 650 auriga,
2218 593 2328 651 qnod

309 678 380 723 ille
418 679 544 737 plaga
577 678 784 737 rependit3
835 681 1068 735 agitaverat
1100 680 1186 733 ira,
1238 678 1572 723 exacerbaverat
1609 677 1784 734 ferocia,
1830 678 2082 724 efferaverat
2120 680 2324 741 superbia.

308 766 400 810 Jam
457 765 619 809 decedit
669 765 868 824 Oedipus
911 765 964 809 de
1013 779 1140 809 curru.
1185 770 1228 809 et
1279 764 1332 808 de
1381 767 1478 810 via..
1549 764 1671 818 Quod
1720 765 1789 809 ubi
1839 766 2127 811 animadvertit
2177 781 2324 822 senex,

309 852 680 912 praetergredienti
714 852 876 911 Oedipo
909 852 993 896 hoc
1023 854 1156 910 ipsum
1184 858 1345 910 tempus
1379 852 1612 898 observans
1635 852 1794 896 ferrato
1817 853 1983 899 stimulo
2007 854 2184 898 medium
2207 860 2329 913 caput

310 942 497 999 percutit.
553 940 811 984 Accesserat
836 939 1000 985 malitia.
1055 939 1162 984 Tum
1183 938 1372 998 Oedipus
1394 939 1666 986 inflammatus
1687 939 1898 984 irammdia
1921 941 2009 996 jam
2031 955 2115 985 non
2138 957 2214 1000 par
2240 944 2327 1000 pari

306 1027 470 1082 retulit‚
522 1022 597 1071 sed
647 1029 836 1086 scipione
870 1033 951 1070 tam
1000 1026 1272 1071 vehementer
1321 1040 1466 1070 senem
1514 1027 1713 1085 perculit,
1766 1033 1811 1070 ut
1842 1026 1915 1070 ille
1947 1030 2165 1086 resupinus
2201 1043 2324 1072 curru

308 1113 592 1159 evolveretur.
648 1113 860 1173 Expunge
881 1128 1051 1159 versum
1078 1120 1201 1172 atque
1224 1115 1359 1161 omnia
1379 1113 1449 1166 illa
1465 1113 1697 1170 interibunt,
1720 1113 1867 1172 quibus
1884 1116 2183 1173 sapientissime
2200 1122 2323 1174 poeta

309 1201 513 1259 Oedipum
535 1201 724 1260 improba
747 1200 914 1258 quidem
936 1200 1013 1246 sed
1029 1202 1142 1256 Justa
1163 1206 1299 1244 tamen
1321 1200 1532 1245 iracundia
1556 1214 1652 1245 esse
1675 1200 1728 1244 ad
1750 1200 1932 1244 ultimum
1955 1201 2055 1245 illud
2083 1202 2324 1260 perductum

307 1288 438 1332 finxit.
488 1288 681 1343 Accedit,
717 1287 829 1345 quod
864 1290 999 1344 ejecto
1035 1287 1116 1331 hoc
1148 1301 1278 1331 versu
1312 1289 1464 1331 misere
1496 1287 1651 1332 tollitur
1683 1287 1853 1331 mirifica
1888 1288 2089 1345 quaedam
2123 1292 2162 1332 in
2197 1290 2322 1334 rebus

307 1374 631 1432 congruentibus
666 1376 937 1432 congruentia
972 1376 1181 1419 orationis.

503 1462 554 1506 V.
591 1461 697 1506 814.

1212 1529 1252 1572 εἰ
1284 1528 1335 1571 δὲ
1365 1529 1430 1586 τῷ
1459 1531 1574 1586 ξένῳ

676 1615 825 1671 τούτῳ
857 1618 1082 1672 πρόσηκει
1113 1614 1253 1671 Λαΐῳ
1287 1629 1328 1656 τι
1359 1617 1572 1669 συγγενές

302 1701 411 1744 idem
446 1700 512 1743 vir
546 1698 806 1743 doctissimus
840 1679 976 1743 Botlrii
1010 1700 1291 1755 conjecturam
1325 1697 1478 1741 Λαΐου
1510 1713 1554 1740 τι
1586 1702 1811 1754 συγγενές,
1856 1698 2070 1756 probatam
2115 1698 2317 1755 Elmslejo

303 1790 344 1831 in
388 1785 646 1846 praefatione
698 1784 888 1831 editionis
942 1785 1204 1830 Scholiorum
1255 1785 1638 1830 Laurentianorum.
1731 1784 1854 1839 Quod
1902 1800 2026 1844 quum
2070 1786 2231 1830 valeat:
2286 1789 2325 1830 si

302 1875 361 1918 ad
393 1874 597 1931 hospitem
630 1873 747 1916 illum
773 1874 961 1930 pertinet
995 1873 1158 1932 aliquid
1191 1871 1247 1916 ab
1279 1872 1388 1939 Laio
1422 1876 1643 1929 cognatum
1685 1872 1754 1916 vel
1793 1873 1942 1930 aliqua
1974 1872 2072 1916 Laii
2105 1874 2317 1929 coynatio,

301 1975 386 2006 non
418 1960 622 2018 intelligo,
657 1974 733 2005 cur
765 1959 847 2004 hoc
880 1962 1012 2020 aptius
1047 1962 1111 2017 sit,
1147 1975 1268 2026 quam
1302 1959 1414 2023 quod
1449 1959 1570 2004 offert
1604 1958 1784 2005 dativus:
1817 1960 1857 2003 εἰ
1890 1960 1949 2004 ad
1976 1960 2179 2018 hospitem
2199 1945 2319 2004 'illum

297 2051 482 2109 pertinet
530 2048 696 2106 aliquid
744 2062 835 2092 cum
882 2048 990 2093 Laio
1040 2053 1272 2106 cognatum?
1309 2029 1378 2092 cel
1424 2047 1574 2107 aliqua
1624 2061 1739 2100 cumi
1767 2046 1874 2093 Laio
1925 2049 2134 2105 coqnatio.
2214 2046 2318 2091 Nam

300 2136 456 2197 duplex
480 2135 659 2191 dativus,
689 2126 912 2180 dummodo
936 2141 1051 2179 recte
1080 2141 1231 2180 struas:
1267 2134 1306 2179 εἰ
1329 2132 1390 2194 ,δὲ
1421 2137 1486 2198 τῷ
1518 2136 1634 2193 ξένῳ
1668 2134 1817 2193 τούτῳ
1849 2115 2076 2193 γέροσήκει
2110 2134 2319 2191 σύγγενές

298 2240 341 2267 τι
373 2225 525 2283 Λαΐῳ,
562 2229 714 2265 tantum
747 2222 890 2278 abest7
942 2229 985 2265 ut
1017 2223 1141 2265 ullam
1174 2206 1407 2267 molestiam
1441 2229 1579 2278 creet,
1630 2229 1673 2266 ut
1717 2213 2013 2282 aequabilitate
2052 2237 2127 2267 sua
2171 2223 2315 2274 melius

297 2310 552 2368 respondeat
595 2324 726 2354 verae
769 2324 908 2353 rerum
950 2312 1124 2365 rationi,
1172 2325 1293 2367 quam
1330 2287 1489 2353 ¹mutata
1533 2312 1705 2366 genitivi
1744 2312 1875 2364 rati0,
1921 2311 2241 2368 planissimeque
2276 2317 2316 2353 et

298 2397 607 2453 elegantissime
657 2411 749 2440 eam
800 2412 921 2454 quam
972 2398 1153 2455 postulat
1201 2412 1270 2442 res
1323 2397 1471 2440 offerat
1514 2400 1777 2451 sententiam,
1828 2399 1866 2439 si
1909 2411 2009 2441 vero
2054 2398 2208 2453 hospiti
2251 2398 2317 2439 illi

296 2485 523 2529 intercedit
555 2484 704 2542 aliqua
738 2500 829 2529 cnm
860 2484 969 2529 Laio
1004 2486 1217 2542 coynatio,

669 2575 737 2624 τίς
764 2569 899 2617 τοῦδε
932 2574 971 2629 γ’
1001 2569 1172 2632 ἀνδρος
1204 2571 1325 2619 ἐστιν
1356 2569 1670 2631 ἀθλιώτερος;

667 2659 734 2707 τίς
761 2654 1100 2716 ἐχθροδαίμων
1129 2657 1313 2725 μᾶλλον
1347 2653 1406 2700 ἄν
1437 2660 1595 2715 γένοιτ’
1627 2655 1772 2716 ἀνήρ;

294 2747 416 2799 atque
450 2743 510 2785 sic
543 2743 695 2786 sensim
731 2740 783 2785 ad
818 2755 893 2787 eos
928 2741 1171 2785 devenimus
1205 2755 1372 2788 versus
1410 2754 1582 2800 quorum
1617 2744 1795 2801 priorem
1837 2747 1881 2785 ut-
1915 2742 2096 2800 spurium
2131 2745 2312 2783 notatum
