2652 3317
320 329 571 378 contumelia·
599 328 747 375 llberet
764 343 829 375 ac
860 328 1062 375 vindicet:
1082 330 1297 390 isquam
1325 329 1448 388 hujus
1480 330 1747 384 ἐπείςοδιόν
1778 327 1867 375 linis
1896 329 1966 385 sit3
1995 330 2081 387 jam
2103 329 2335 386 videamus,

321 417 533 478 quomodo
574 430 599 463 a
639 417 849 477 precibus.
882 424 925 462 et
940 438 957 458 a
972 431 1130 463 summa
1178 420 1449 463 veneratione
1499 418 1749 476 pedetentim
1800 416 1985 477 Oedipus
2033 418 2087 461 ad
2137 432 2335 463 summam

317 508 672 565 intemperantiam
703 505 915 564 procedat.
982 506 1090 550 Petit
1108 505 1311 565 Oedipus
1345 521 1371 550 a
1405 506 1591 561 Tiresia,
1641 511 1686 549 ut
1724 505 1802 550 sibi
1842 512 1884 549 et
1917 505 1998 548 deo
2041 506 2262 564 opituletur
2295 509 2335 549 in

320 593 558 651 detegendo
594 593 684 637 diro
716 593 909 653 piaculo.-
959 593 1032 638 Ad
1075 607 1183 652 quae
1222 599 1367 650 vates,
1413 598 1458 637 ut
1501 595 1566 637 cui
1610 599 1875 652 perspectum
1920 592 2171 638 horrendum
2214 594 2334 638 nefas

318 686 446 736 esset,
481 680 845 725 vehementissime
869 687 1097 725 commotus
1123 681 1414 740 detestansque
1438 682 1649 725 scientiam
1666 683 1813 725 scienti
1835 683 2070 736 exitiosam,
2105 680 2333 725 obtestatur

318 768 606 813 obsecrantem
641 767 1047 828 exprobrantemque
1063 768 1266 827 Oedipum
1299 769 1480 817 obscure
1515 774 1557 811 et
1589 768 1750 811 occulte
1783 770 1970 827 primum,
2006 781 2108 812 mox
2131 770 2330 827 apertius.

315 870 370 900 ne
404 870 479 900 sua
511 858 603 914 ipse
623 855 733 898 mala
755 858 961 914 exquirat,
998 855 1225 899 obstinatus
1248 862 1289 899 et
1312 855 1549 899 obfirmatus
1573 855 1777 899 adversus
1802 869 1945 899 omnes
1979 858 2092 912 regis
2116 862 2158 899 et
2179 869 2330 915 preces

315 949 358 986 et
397 942 703 987 obtestationes.
770 943 861 985 Hac
897 948 1172 1001 exasperatus
1209 944 1443 1001 pervicacia
1476 944 1660 1001 increpat
1688 942 1870 1001 Oedipus
1900 942 2091 986 Tiresiae
2120 943 2328 997 malitiam,

317 1030 614 1085 crudelitatem,
649 1029 900 1088 superbiam,
933 1035 1157 1087 regerente
1189 1031 1345 1073 interim
1378 1029 1595 1073 maledicta
1629 1036 1750 1087 atque
1774 1036 1922 1088 sponte
1951 1036 2198 1090 proruptura
2221 1031 2328 1074 mala

314 1120 450 1161 omnia
483 1123 755 1161 asseverante
788 1123 910 1176 atque
943 1117 1050 1160 ultro
1082 1119 1228 1160 iratum
1260 1118 1451 1160 incitante
1483 1123 1595 1160 vate.
1668 1116 1727 1159 Ibi
1761 1117 1968 1162 ardentius
2009 1118 2325 1162 excandescens

316 1205 501 1264 Oedipus
549 1212 689 1249 vatem
722 1208 873 1264 vipsum
922 1212 1091 1250 accusat
1141 1205 1281 1249 caedis
1330 1208 1477 1262 regiae
1523 1205 1690 1263 oblique
1735 1207 1826 1261 ejus
1866 1208 2105 1249 caecitatem
2137 1213 2324 1263 tangens.

318 1293 424 1337 Tum
457 1292 788 1349 indignabundus
806 1292 989 1337 Tiresias
1021 1293 1170 1351 palam
1192 1293 1323 1347 effert,
1360 1292 1563 1351 Oedipum
1597 1299 1641 1335 ut
1675 1292 1921 1335 detestabile
1954 1298 2092 1335 terrae
2124 1294 2325 1351 piaculum

311 1380 386 1424 illo
422 1380 487 1424 die
521 1382 605 1424 suis
639 1382 771 1439 ipsum
806 1380 1161 1424 exsecrationibus
1197 1379 1431 1424 devinctum
1464 1382 1525 1423 iri.
1594 1380 1685 1432 Qua
1730 1379 1977 1423 contumelia
2021 1382 2213 1424 incensus
2246 1395 2324 1424 rex

314 1469 432 1511 minis
468 1473 590 1525 atque
618 1467 880 1516 ¹contumeliis
914 1469 1161 1510 minitantem
1195 1472 1236 1510 et
1268 1468 1451 1510 veritatis
1485 1465 1642 1510 viribus
1678 1480 1775 1510 sese
1818 1468 2065 1509 munientem
2098 1473 2237 1509 vatem
2272 1481 2324 1509 eo

317 1554 493 1612 denique
528 1554 670 1610 adigit,
704 1560 749 1597 ut
783 1553 985 1613 Oedipum
1019 1560 1060 1597 et
1094 1568 1189 1598 esse
1221 1553 1310 1596 Laii
1342 1553 1653 1596 interfectorem
1687 1560 1727 1596 et
1767 1567 2047 1597 consuescere
2090 1557 2325 1613 turpissime

314 1655 406 1684 cum
440 1643 661 1686 carissimis
696 1641 772 1686 sibi
806 1647 949 1699 aperte
984 1641 1126 1685 edicat.
1202 1640 1293 1692 Quo
1344 1640 1457 1684 facto
1507 1654 1588 1683 rex
1639 1654 1691 1683 eo
1741 1640 1931 1697 procedit
1981 1640 2233 1684 crudelitatis
2284 1648 2325 1684 et

311 1730 584 1783 immanitatis,
619 1734 663 1771 ut
697 1728 885 1772 obtusum
918 1735 1057 1772 vatem
1092 1734 1132 1771 et
1166 1728 1330 1771 auribus
1365 1733 1406 1770 et
1427 1734 1564 1770 mente
1589 1734 1630 1770 et
1653 1727 1783 1770 oculis
1809 1726 1917 1770 dicat
1931 1734 2323 1786 retorquentemque

309 1818 351 1860 in
385 1822 597 1860 auctorem
630 1822 672 1859 et
704 1815 822 1860 simul
855 1817 1050 1860 miserum
1084 1815 1356 1874 appellantem
1389 1814 1543 1858 acerbe
1571 1815 1744 1859 irridens
1768 1814 2033 1873 superbeque
2057 1822 2322 1859 contemnens

311 1909 353 1947 et
386 1905 503 1961 quasi
537 1904 832 1948 commiserans
868 1901 974 1947 dicat
1006 1904 1160 1959 ingenti
1192 1907 1477 1961 perpetuaque
1512 1904 1709 1947 caecitate
1754 1916 1829 1946 sua
1872 1903 2059 1946 nimirum
2092 1918 2117 1946 a
2152 1902 2228 1947 diis
2263 1905 2322 1947 sic

311 1989 457 2047 affligi,
493 1995 537 2032 ut
569 1989 662 2032 luce
697 1990 765 2047 qui
798 1988 985 2032 fruantur
1016 1990 1187 2046 gravius
1221 1988 1407 2048 plectere
1441 1992 1634 2035 miserum
1668 1989 1779 2033 illum
1803 2002 1882 2033 nec
1904 1989 2034 2034 velint
2055 2003 2134 2033 nec
2151 1992 2318 2049 possint.

309 2076 378 2120 Ad
412 2076 519 2135 quae
553 2075 738 2120 Tiresias
772 2077 929 2133 majore
961 2075 1093 2121 fidens
1126 2075 1333 2136 praesidio
1368 2077 1594 2138 respondet

680 2162 736 2208 οὐ
767 2168 858 2223 γάρ
889 2177 945 2221 με
976 2168 1120 2223 μοῖρα
1150 2166 1269 2223 πρός
1294 2178 1345 2222 γε
1376 2168 1467 2209 σοῦ
1497 2168 1671 2220 πεσεῖν,
1704 2163 1801 2208 ἐπεὶ

677 2248 832 2299 ἱκανὸς
862 2245 1115 2303 Ἀπόλλων,
1150 2244 1188 2306 ᾦ
1218 2247 1321 2292 τάδ’
1344 2250 1581 2310 ’ἐκπρᾶξαι
1612 2250 1750 2306 μέλει.

307 2337 424 2376 recte
458 2333 581 2386 dicis,
615 2347 792 2390 namque
825 2333 924 2374 milii
952 2333 1097 2389 fatale
1128 2347 1211 2375 non
1246 2338 1324 2387 est,
1355 2336 1546 2392 perverti
1572 2339 1709 2392 ‘atque
1742 2335 1871 2390 dejici
1904 2335 1958 2377 de
1986 2338 2200 2392 potestate
2221 2346 2315 2376 mea

307 2434 336 2463 a
358 2424 415 2473 te,
451 2434 574 2477 quum
605 2421 714 2463 satis
742 2424 896 2478 potens
916 2420 1075 2478 Apollo
1101 2421 1172 2474 eit,
1207 2421 1276 2463 cui
1303 2423 1511 2478 perficere
1543 2421 1652 2465 haec
1685 2436 1797 2480 quae
1832 2435 1909 2480 eqo
1941 2422 2151 2465 vaticinor
2184 2434 2315 2464 curae

307 2511 384 2551 est.
469 2506 540 2550 Ad
590 2521 696 2566 quae
748 2506 957 2566 Oedipus,
1014 2509 1201 2551 nimirum
1251 2509 1467 2552 etiamnum
1517 2508 1588 2553 illo
1640 2516 1784 2568 captus
1835 2523 2003 2563 errore,
2058 2523 2082 2551 a
2132 2504 2316 2551 Creonte

305 2595 574 2641 subornatum·
603 2601 743 2640 vatem
778 2609 875 2641 esse
909 2595 961 2640 ad
992 2597 1126 2655 ipsum
1158 2594 1440 2655 perdendum,
1475 2599 1633 2655 quaerit
1675 2599 1761 2641 ista
1793 2612 1887 2641 nam
1923 2597 2115 2640 Creontis
2149 2610 2206 2639 an
2240 2601 2315 2639 tua

306 2684 477 2728 inventa
510 2685 641 2727 stent?
716 2683 787 2728 Ad
821 2698 926 2741 quae
961 2682 1146 2729 Tiresias
1177 2696 1262 2728 non
1297 2684 1454 2740 Creon,
1489 2686 1567 2729 sed
1600 2690 1687 2729 Inte
1721 2685 1797 2727 tibi
1828 2687 1918 2742 ipse
1951 2698 1996 2727 es
2024 2685 2250 2740 pemicies.

1745 2770 1796 2802 3*
